2150 3692
398 301 426 332 2
446 301 463 334 1
480 279 513 334 8
1022 302 1363 339 APPENDICE.

389 426 415 453 ι(
446 414 571 458 erat
599 424 609 457 :
641 405 802 458 vetui
831 424 842 458 :
874 401 1134 481 dedique
1167 407 1248 459 eis
1278 403 1466 460 multa
1495 404 1704 484 pulcra
1733 419 1790 463 et
1823 422 1987 487 grata

390 529 415 555 «
451 524 570 581 que
611 524 851 561 mecum
895 505 1148 561 tuleram
1185 505 1353 563 nullo
1392 509 1825 567 interveniente
1858 531 1990 589 pre·

391 630 417 656 «
449 608 571 662 11110
602 629 614 662 :
647 619 715 663 ut
748 627 848 663 eos
872 607 1020 662 mihi
1049 605 1277 664 facilius
1303 608 1684 678 conciliarem
1712 632 1724 664 :
1750 609 1989 668 fierent-

389 731 414 758 «
447 728 566 785 que
597 708 833 787 xpicole
868 731 879 764 :
915 720 973 764 et
1001 720 1070 764 ut
1098 711 1216 764 sint
1244 713 1423 788 proni
1455 713 1516 766 in
1549 731 1816 767 amorem
1851 733 1989 791 erga

389 834 413 859 «
447 829 647 888 regem
695 813 959 887 reginam
1008 812 1434 889 principesque
1474 824 1712 868 nostros
1752 825 1810 869 et
1855 817 1990 886 uni-

390 938 414 963 «
446 933 641 969 versas
672 924 875 991 gentes
900 915 1180 992 Hispanie
1207 935 1218 969 z
1245 933 1312 969 ac
1337 911 1616 970 studeant·
1637 918 1989 993 perquirere

390 1040 415 1067 «
445 1028 503 1071 et
528 1036 883 1072 coaceruare
911 1038 921 1071 :
954 1004 1150 1094 eaque*
1167 1015 1343 1073 nobis
1367 1001 1850 1095 tradere‘quibus
1878 1020 1989 1097 ipsi

390 1141 415 1166 1(
445 1114 702 1172 affluunt
726 1129 785 1172 et
816 1137 927 1172 nos
954 1122 1319 1196 magnopere
1349 1116 1687 1196 indigemus
1715 1141 1726 1173 :
1761 1118 1987 1174 nullam

389 1242 414 1268 c<
442 1217 523 1294 hij
553 1230 778 1273 norunt
801 1216 1189 1296 ydolatriam:
1221 1222 1340 1275 imo
1365 1218 1704 1275 firmissime
1735 1219 2022 1277 credunt-

388 1344 414 1369 «
444 1339 686 1375 omnem
710 1322 830 1375 vim
858 1342 869 1375 :
906 1340 1148 1376 omnem
1182 1325 1513 1399 potentiam
1542 1343 1552 1376 :
1589 1324 1789 1376 omnia
1823 1318 1989 1376 deni-

389 1446 414 1472 «
443 1441 561 1499 que
601 1420 762 1477 bona
803 1439 928 1478 esse
963 1424 1034 1477 in'
1064 1421 1193 1478 celo
1227 1445 1237 1478 :
1280 1443 1499 1500 meque
1538 1420 1678 1478 inde
1721 1442 1857 1477 cum
1898 1421 1991 1477 his

389 1547 415 1574 «
448 1521 699 1578 navibus
725 1535 783 1579 et
809 1527 1003 1580 nautis
1028 1522 1402 1580 descendisse
1421 1547 1431 1579 ε
1450 1537 1631 1602 atque
1648 1523 1765 1579 hoc
1789 1525 1991 1579 animo

390 1647 416 1673 <c
449 1622 530 1678 ibi
565 1621 651 1678 fui
681 1637 992 1703 susceptus
1022 1637 1343 1704 postquam
1367 1638 1597 1682 metum
1624 1624 1988 1704 repulerant.

390 1749 416 1775 α
449 1727 571 1781 Ν66
605 1737 745 1781 sunt
769 1746 978 1804 segnes
1003 1738 1106 1782 aut
1134 1725 1329 1783 rudes.
1357 1731 1504 1805 quin
1528 1730 1745 1783 summi
1769 1745 1836 1782 ac
1862 1745 1994 1804 per-

390 1851 415 1877 «
448 1829 695 1905 spicacis
736 1828 958 1906 ingenij
997 1851 1007 1883 :
1050 1837 1108 1884 et
1146 1828 1423 1885 homines
1463 1831 1568 1907 qui
1608 1825 1993 1884 transfretant

390 1952 416 1979 ε(
442 1949 604 1985 mare
638 1929 786 1985 illud
813 1953 824 1985 z
856 1951 979 1986 non
1022 1933 1148 1986 sine
1184 1929 1578 1987 admiratione
1612 1933 1991 1986 uniuscuius-

389 2054 414 2080 α
446 2050 566 2107 que
597 2033 682 2086 rei
711 2033 1005 2086 rationem
1037 2028 1299 2086 reddunt
1327 2053 1337 2086 :
1365 2029 1468 2086 sed
1493 2050 1807 2107 nunquam
1829 2027 1990 2084 vide-

388 2156 412 2182 «
446 2143 587 2186 runt
623 2144 829 2210 gentes
861 2135 1104 2188 uestitas
1132 2155 1142 2187 :
1178 2153 1376 2210 neque
1406 2152 1589 2188 naues
1619 2129 1989 2209 hujusmodi.

387 2257 413 2282 a
446 2237 569 2311 Ego
589 2237 787 2289 statim
805 2247 985 2311 atque
1003 2233 1077 2289 ad
1093 2254 1257 2290 mare
1276 2232 1425 2290 illud
1444 2235 1696 2312 perueni
1718 2254 1728 2287 ε
1750 2253 1780 2288 6
1799 2235 1991 2311 prima
2033 2303 2037 2306 γ

388 2359 413 2385 ι(
445 2334 637 2391 insula
672 2333 965 2413 quosdam
997 2333 1178 2391 Indos
1209 2334 1501 2391 violenter
1530 2337 1757 2413 arripui
1786 2356 1797 2389 ε
1825 2333 1993 2412 quod

388 2463 413 2489 c<
446 2437 781 2494 ediscerent
818 2459 850 2494 a
892 2438 1068 2495 nobis
1110 2436 1271 2515 (23):
1308 2450 1366 2494 et
1406 2458 1515 2493 nos
1558 2440 1782 2517 pariter
1814 2436 1990 2493 doce-

387 2563 411 2589 «
446 2550 580 2595 rent
614 2559 719 2595 ea:
757 2559 1014 2617 quarum
1048 2542 1161 2618 ipsi
1194 2542 1255 2594 in
1291 2538 1453 2594 hisce
1486 2537 1758 2617 partibus
1792 2540 1992 2616 cogni-

386 2666 411 2690 «
440 2644 667 2698 tionem
707 2641 1030 2699 habebant.
1072 2656 1130 2699 et
1174 2663 1245 2699 ex
1283 2654 1425 2698 voto
1466 2644 1751 2697 successit
1793 2663 1804 2696 z
1850 2660 1989 2713 nam

386 2769 411 2795 «
443 2743 620 2801 breui
646 2767 755 2802 nos
781 2749 974 2826 ipsos:
1001 2759 1059 2802 et
1077 2747 1156 2824 hij
1187 2768 1296 2803 nos
1319 2769 1330 2801 :
1356 2759 1485 2802 tum
1505 2757 1673 2824 gestu
1691 2763 1757 2800 ac
1776 2746 1988 2821 signis:

385 2869 411 2895 «
444 2857 573 2900 tum
591 2846 789 2903 verbis
806 2846 1245 2904 intellexerunt.
1265 2865 1607 2926 magnoque
1625 2844 1800 2901 nobis
1822 2843 1990 2900 fuere

385 2970 412 2997 «
445 2946 872 3005 emolumento.
908 2952 1164 3005 ueniunt
1187 2948 1371 3005 modo
1394 2967 1633 3022 mecum
1657 2959 1857 3002 tamen
1883 2947 1988 3023 qui

385 3071 412 3099 <c
441 3068 677 3127 semper
722 3061 936 3128 putant
980 3070 1075 3105 me
1118 3048 1423 3106 desiluisse
1468 3069 1499 3105 e
1544 3047 1672 3104 celo
1717 3047 1987 3125 quamvis
