2150 3692
746 281 1082 317 APPENDICE.
1594 288 1624 320 2
1642 287 1661 322 1
1676 265 1708 323 3

120 411 146 437 «
176 370 272 441 me
306 393 695 440 consecutum
729 380 938 438 fuisse:
975 394 1208 460 gratum
1253 384 1360 441 tibi
1397 386 1525 444 fore
1555 390 1709 444 scio:

120 510 147 536 «
177 485 281 540 has
330 485 611 539 constitui
657 501 929 538 exarare:
978 502 1095 560 que
1139 494 1197 538 te
1238 488 1713 566 uniuscujusque

120 611 146 638 ε(
180 588 266 642 rei
330 588 390 640 in
449 584 566 639 hoc
616 595 822 657 nostro
884 586 1095 640 itinere
1144 596 1303 663 geste
1356 589 1714 666 inventeque

123 711 151 739 «
183 685 561 743 admoneant.
596 688 1100 742 Tricesimotertio
1135 684 1229 742 die
1254 700 1573 765 postquam
1602 694 1714 746 Ga-

118 811 145 838 «
178 784 354 843 dibus
384 784 623 842 discessi
651 784 807 862 (14):
838 787 898 840 in
927 805 1090 841 mare
1121 784 1394 842 Indicum
1424 791 1675 865 perueni
1702 811 1713 843 :

118 911 146 939 «
177 886 285 943 ubi
325 887 611 967 plurimas
651 886 872 943 insulas
915 889 1244 943 innumeris
1277 886 1568 943 habitatas
1608 888 1715 944 ho-

122 1012 148 1039 «
178 987 442 1044 minibus
484 985 763 1068 repperi:
809 1008 1065 1066 quarum
1117 991 1387 1044 omnium
1432 987 1544 1068 pro
1591 988 1716 1046 feli-

123 1115 148 1142 «
181 1091 416 1146 cissimo
470 1110 609 1167 rege
660 1101 867 1146 nostro
895 1112 906 1145 :
963 1093 1251 1169 preconio
1307 1090 1606 1148 celebrato
1662 1105 1720 1148 et

122 1216 148 1242 «
175 1190 402 1248 vexillis
458 1195 753 1248 extensis:
803 1191 1250 1249 contradicente
1294 1196 1533 1250 nemine
1579 1215 1715 1273 pos-

121 1317 146 1344 «
180 1295 502 1349 sessionem
538 1297 758 1373 accepi.
801 1297 1116 1374 primeque
1161 1316 1365 1351 earum
1394 1318 1405 1351 :
1440 1294 1564 1351 diui
1597 1295 1716 1353 Sal-

74 1447 78 1452 ,
120 1419 146 1446 «
178 1398 400 1452 vatoris
441 1416 663 1452 nomen
705 1400 965 1476 imposui
999 1397 1197 1475 (cuius
1239 1396 1424 1455 fretus
1463 1398 1719 1479 auxilio)

122 1521 148 1552 «
180 1507 301 1552 tam
327 1495 402 1560 ad
423 1496 578 1552 hanc
606 1517 786 1575 quam
811 1495 885 1554 ad
911 1510 1134 1555 ceteras
1155 1497 1294 1554 alias
1319 1503 1718 1577 pervenimus,

123 1623 149 1649 α
182 1601 325 1653 Eam
369 1619 511 1655 vero
552 1598 684 1655 Indi
717 1599 1131 1678 Guanahanyn
1174 1590 1412 1657 vocantss
1454 1600 1719 1658 Aliarum

125 1723 151 1748 «
185 1700 361 1754 etiam
423 1720 607 1756 unam
677 1722 961 1779 quanque
1032 1722 1190 1757 novo
1253 1705 1497 1758 nomine
1565 1723 1720 1758 nun-

125 1825 152 1851 «
185 1804 413 1879 cupavi.
474 1804 713 1881 Quippe
764 1801 938 1858 aliam
978 1801 1231 1858 insulam
1280 1806 1489 1858 Sancte
1535 1805 1719 1858 Marie

124 1925 156 1959 «a
182 1903 632 1980 Conceptionis,
659 1901 833 1958 aliam
856 1900 1321 1971 Fernandinam,
1345 1900 1519 1957 aliam
1543 1906 1720 1979 Hysa-

124 2026 151 2053 α
182 2001 433 2074 bellam,
489 2003 662 2060 aliam
721 2002 1009 2060 Johanam
1029 2048 1043 2074 ‚
1105 2015 1163 2058 et
1216 2005 1298 2059 sic
1358 2000 1431 2058 de
1474 2001 1719 2080 reliquis

124 2128 150 2156 c<
179 2103 467 2184 appellari
496 2105 660 2182 jussi.
702 2107 1162 2183 Quamprimum
1198 2106 1260 2158 in
1294 2123 1424 2159 eam
1464 2097 1717 2160 insulam

73 2229 79 2236 ’
123 2233 149 2260 «
181 2227 365 2286 quamv
395 2205 627 2264 dudum
655 2207 942 2265 Johanam
968 2210 1169 2263 vocari
1199 2205 1320 2262 dixi
1342 2205 1716 2286 appulimus:

124 2314 343 2367 «iuxta
388 2311 516 2388 ejus
556 2310 720 2368 littus
782 2309 1157 2368 occidentem
1207 2330 1412 2367 versus
1455 2309 1719 2388 aliquan-

125 2437 150 2464 «
181 2412 378 2468 tulum
410 2416 672 2491 processi
700 2435 711 2469 ε
746 2425 1053 2491 tamquam
1083 2433 1211 2470 eam
1241 2433 1526 2492 magnam
1550 2412 1718 2470 nullo

124 2540 150 2566 «
182 2525 422 2592 reperto
442 2511 562 2569 fine
580 2516 780 2569 inveni
808 2537 819 2570 z
845 2527 912 2571 ut
931 2536 1053 2571 non
1081 2514 1334 2571 insulam
1359 2538 1370 2571 :
1397 2514 1501 2572 sed
1529 2519 1718 2573 conti-

124 2640 149 2667 «
183 2626 426 2674 nentem
436 2613 659 2693 Chatay
674 2618 1044 2695 provinciam
1063 2636 1187 2675 esse
1207 2614 1561 2673 crediderim
1576 2615 1626 2695 (Ι
1644 2616 1716 2694 5).

124 2742 150 2769 «
181 2715 359 2775 Nulla
383 2728 582 2773 tamen
609 2715 817 2772 videns
843 2715 1065 2796 oppida
1086 2719 1486 2796 municipiave
1510 2720 1572 2773 in
1596 2738 1718 2773 ma-

126 2843 151 2869 «
185 2820 396 2874 ritimis
452 2821 560 2874 sita
612 2816 990 2875 confinibus:
1043 2819 1244 2898 preter
1290 2817 1522 2897 aliquos
1559 2821 1720 2875 vicos

127 2943 152 2969 «
183 2930 241 2974 et
269 2917 475 2997 predia
506 2922 724 2976 rustica
747 2918 871 2998 (16)
899 2943 909 2976 ε
942 2939 1082 2976 cum
1109 2941 1367 2998 quorum
1396 2921 1605 2977 incolis
1634 2919 1718 2975 lo-

131 3045 153 3069 «
188 3023 292 3095 qui
345 3020 702 3099 nequibam:
735 3042 920 3099 quare
966 3021 1141 3078 simul
1184 3042 1252 3079 ac
1297 3042 1406 3079 nos
1439 3019 1721 3077 videbant
