2150 3692
691 287 765 322 DE
809 285 1059 321 comme.
1596 266 1674 345 93

90 402 328 448 vernent
380 388 622 460 celeste,
671 392 777 466 qui
829 408 1087 468 suppose
1134 408 1252 445 une
1307 389 1483 447 etude
1536 412 1675 471 pro-

91 491 271 549 fonde
314 512 388 548 en
422 493 813 562 astronomie3
853 490 894 545 il
926 492 1126 568 ajoute
1164 511 1382 547 encore
1415 493 1557 569 qu’il
1590 515 1676 550 sa-

91 598 208 652 vait
232 615 292 651 se
317 598 502 651 servir
525 592 606 651 du
631 605 808 671 quart
833 592 905 649 de
933 593 1123 649 cerole
1148 605 1206 649 et
1230 591 1303 650 (16
1326 591 1677 668 l’astrolahe,

93 695 167 752 de
199 697 462 753 maniere
514 696 657 773 qu’il
712 681 941 772 devint,
994 716 1066 752 en
1123 715 1240 775 peu
1285 693 1561 752 d’annees
1580 743 1593 769 ,
1626 698 1677 753 le

93 796 366 853 meilleur
397 799 742 875 navigateur
772 795 845 852 de
873 818 982 853 son
1015 797 1208 854 siecle.

176 898 328 954 C’est
370 901 402 954 a
444 896 829 975 l’obligeance
861 896 962 953 des
994 918 1200 954 savans
1234 910 1681 955 conservateurs=

98 998 199 1056 des
232 999 499 1055 archives
528 996 601 1053 de
625 997 999 1054 l’Universite
1032 996 1105 1053 de
1133 1002 1303 1055 Pavie
1328 1020 1446 1078 que
1466 1000 1525 1076 je
1555 998 1683 1057 dois
1750 1048 1754 1052 .

95 1101 179 1158 les
224 1122 396 1156 noms
449 1098 551 1155 des
596 1097 965 1178 professeurs
1005 1103 1110 1178 qui
1164 1113 1270 1157 ont
1325 1105 1554 1181 occupo
1597 1102 1684 1181 'les

95 1204 324 1261 chaires
353 1202 426 1259 de
457 1202 955 1281 mathematiques
987 1215 1047 1259 et
1079 1201 1152 1259 de
1174 1202 1555 1284 philosophie
1584 1226 1686 1261 na-

92 1305 335 1385 turelle,
354 1303 565 1385 depuis
582 1303 810 1360 l’annee
838 1303 986 1373 1460
1001 1297 1237 1383 jusq'u’a
1250 1305 1476 1363 l’annee
1503 1307 1681 1380 1480,

93 1412 330 1488 epoque
359 1411 390 1465 a
413 1406 669 1486 laquelle
705 1404 959 1463 Colomb
989 1425 1021 1461 a
1054 1404 1133 1462 du
1171 1409 1367 1463 suivre
1392 1407 1475 1464 les
1505 1429 1683 1467 cours

95 1508 166 1565 de
197 1521 349 1566 cette
382 1508 561 1566 ecole.
597 1511 764 1567 Nous
795 1505 985 1563 allons
1016 1527 1090 1563 en
1126 1505 1359 1565 donner
1391 1508 1445 1565 la
1477 1509 1624 1567 liste.

294 1648 320 1675 t(
359 1621 526 1692 1460.
557 1621 663 1677 Ad
687 1620 966 1677 lecturam
996 1621 1350 1700 astrologice.

121 1740 425 1817 «Magister
454 1735 790 1814 Stephanus
815 1732 889 1789 de
918 1737 1210 1789 Faventia.
1246 1733 1318 1811 (il
1347 1755 1384 1812 y
1409 1754 1483 1790 en
1512 1756 1544 1792 a
1577 1740 1682 1814 qui

253 1841 426 1897 lisent
455 1839 529 1895 de
559 1841 843 1894 Fantucz'o
873 1858 953 1893 ou
977 1837 1051 1893 de
1073 1839 1420 1916 Fantucz‘c's).

90 1969 116 1997 <c
146 1946 425 2022 Magister
464 1943 758 1998 Antonius
802 1938 875 1996 de
907 1920 1276 2018 Bernadigio.
1318 1939 1434 2017 (Di
1466 1945 1681 1998 Berna-

249 2065 311 2101 νε
346 2065 353 2071 “
394 2063 449 2099 ιο
491 2089 501 2098 .

64 2181 112 2232 ῳ(
152 2043 764 2226 ῐίιὸῑῑὲἷῖίῖὶθεῑιινανη
783 2151 1189 2233 philosophice
1217 2135 1530 2209 naturali&

87 2292 112 2322 <c
142 2270 420 2347 Magister
451 2269 798 2323 Franciscus
830 2264 1189 2322 Pellacanus.

87 2395 112 2421 ε(
139 2372 418 2448 Magister
452 2367 733 2425 Albertus
763 2366 836 2424 de
868 2370 1108 2447 Crispis.

86 2507 111 2535 «
142 2481 249 2538 Ad
283 2479 562 2556 lecturam
592 2476 995 2557 philosophice
1028 2476 1312 2535 naturalis
1351 2479 1679 2536 extraordi-

250 2586 494 2638 nariam.

85 2719 111 2755 z<
153 2696 432 2772 Magister
462 2689 661 2749 Guido
695 2689 768 2746 de
800 2693 1027 2746 Crema.

87 2823 111 2854 ς(
143 2800 420 2877 Magister
450 2801 705 2853 Joannes
738 2792 811 2850 de
840 2792 1145 2850 Marliano.
1215 2806 1218 2810 “

448 2933 474 2959 ι(
504 2906 610 2963 Ad
635 2904 912 2962 lecturam
941 2902 1293 2982 astrologice.

89 3044 113 3071 α
145 3022 422 3096 Magister
451 3022 744 3077 Antonius
777 3015 851 3076 de
881 3021 1158 3095 Terzago.
