2150 3692
1685 309 1711 330 f)

749 329 1089 366 APPENDICE.
1602 333 1631 365 ἴ),
1642 332 1671 365 2
1684 331 1715 366 ζ)

124 461 150 488 «
181 434 316 491 dam
350 433 586 490 feminis
614 455 625 488 ε
658 452 777 510 que
816 430 939 488 sole
972 430 1227 487 insulam
1257 436 1563 488 Mateunin
1598 435 1717 511 pri-

125 562 150 589 «
180 557 340 593 mam
373 556 444 592 ex
468 538 726 614 Hispana
751 536 812 588 in
836 531 1067 589 Indiam
1091 532 1223 608 traij
1233 533 1526 589 cientibus
1551 533 1717 590 habi-

123 665 149 692 «
182 651 325 696 tant.
355 643 442 695 He
471 651 670 694 autem
702 635 922 693 femine
955 635 1189 692 nullum
1228 637 1318 691 sui
1352 655 1524 691 sexus
1567 657 1718 716 opus

123 767 150 793 «
182 752 499 797 exercent:
544 750 800 795 utuntur
844 740 1004 794 enim
1041 736 1300 793 arcubus
1325 782 1340 807 ‚
1382 748 1439 792 et
1480 738 1720 815 spiculis

124 867 151 895 «
182 845 356 899 sicuti
386 840 459 899 de
489 862 693 898 earum
719 839 1076 918 coniugibus
1109 837 1246 894 dixi.
1280 840 1564 895 Muniunt
1597 861 1718 895 sese

123 968 150 994 «
181 943 416 999 laminis
450 946 611 998 eneis
641 961 899 1020 quarum
929 943 1187 997 maxima
1216 939 1379 1020 apud
1411 961 1505 997 eas
1552 945 1722 1020 copia

126 1047 394 1117 «existit.
447 1044 635 1100 Aliam
686 1042 835 1098 mihi
886 1040 1140 1097 insulam
1185 1040 1486 1097 affirmant
1514 1061 1721 1120 supra—

125 1173 151 1200 «
183 1146 339 1204 dicta
399 1150 656 1226 Hispana
698 1149 988 1202 maiorem
1030 1168 1041 1200 :
1093 1146 1221 1222 ejus
1256 1145 1451 1201 incole
1516 1157 1722 1201 carent

86 1313 90 1316 ,
125 1280 152 1306 «
178 1254 329 1332 pilis.
397 1256 683 1329 Auroque
737 1254 893 1306 inter
960 1249 1100 1306 alias
1179 1252 1558 1329 potissimum
1626 1270 1722 1306 ex-

126 1381 152 1408 «
184 1354 414 1411 uberat.
461 1356 650 1410 Huius
691 1352 883 1409 insule
917 1365 976 1408 et
1003 1351 1253 1408 aliarum
1286 1372 1433 1429 quas
1464 1350 1583 1406 vidi
1616 1351 1724 1408 ho-

63 1461 69 1465 '
125 1481 152 1508 «
182 1459 374 1512 mines
422 1474 659 1511 mecum
708 1465 925 1533 porto:
972 1455 1111 1530 quia
1168 1452 1390 1508 horum
1439 1473 1558 1530 que
1606 1452 1726 1508 dixi

127 1582 153 1610 «
185 1559 594 1613 testimonium
666 1552 1006 1633 perhibent.
1075 1556 1350 1631 Denique
1415 1566 1483 1610 ut
1537 1558 1727 1611 nostri

133 1684 158 1711 ε(
185 1657 476 1715 discessus
509 1670 567 1713 et
612 1656 819 1713 celeris
861 1659 1222 1712 reuersionis
1255 1655 1684 1735 compendium
1714 1680 1724 1712 :

42 1808 44 1810 ,
123 1786 149 1817 «
181 1781 247 1818 ac
261 1759 740 1817 emolumentum
772 1756 1064 1814 breuibus
1097 1757 1572 1835 astringamstioc
1602 1757 1728 1837 pol.-

125 1888 151 1916 «
181 1862 370 1918 liceor
396 1906 410 1930 ,
441 1881 537 1916 me
567 1862 785 1921 nostris
834 1857 1076 1938 regibus
1108 1861 1507 1915 invictissimis
1540 1880 1725 1938 parvo

124 1989 150 2016 «
182 1983 394 2021 eorum
419 1961 638 2018 fultum
669 1961 908 2018 auxilio.
932 1973 1169 2017 tantum
1198 1980 1412 2016 aurum
1444 1960 1722 2019 daturum

124 2090 149 2117 «
183 2075 479 2142 quantum
508 2065 620 2144 *eis
675 2059 855 2118 fuerit
911 2081 1080 2141 opus
1133 2073 1262 2117 tum
1306 2083 1449 2118 vero
1500 2083 1727 2120 aroma-

124 2192 150 2218 «
181 2179 311 2222 tum
359 2163 511 2242 (29).
561 2163 861 2221 bombicis
891 2162 1042 2242 (30).
1088 2167 1346 2219 masticis
1379 2164 1399 2241 (
1433 2168 1538 2242 qui
1567 2164 1723 2244 apud

125 2294 151 2321 «
179 2268 397 2325 Chium
442 2265 783 2323 dumataxat
827 2269 1129 2322 invenitur
1168 2265 1336 2344 (31))
1372 2278 1727 2345 tantumque

127 2394 152 2422 «
184 2369 329 2447 ligni
393 2367 553 2424 aloes
622 2380 857 2424 tantum
915 2388 1226 2424 servorum
1277 2365 1728 2447 liydropbilat00

126 2495 153 2521 «
185 2490 319 2525 rum
355 2468 516 2547 (32):'
563 2482 857 2546 quantum
903 2490 1113 2525 eorum
1161 2473 1433 2526 maiestas
1476 2470 1729 2527 voluerit

127 2597 154 2624 «
187 2574 437 2650 exigere.
473 2574 616 2627 item
648 2569 1086 2626 reubarbarum
1120 2569 1243 2649 (33)
1274 2583 1331 2627 et
1363 2570 1474 2627 alia
1497 2592 1728 2628 aroma·

128 2701 154 2728 «
182 2688 312 2732 tum
349 2681 567 2753 genera
593 2695 603 2728 ε
639 2693 757 2751 que
791 2672 854 2727 hi
884 2693 1036 2751 quos
1062 2677 1122 2727 in
1158 2671 1314 2729 dicta
1343 2693 1478 2730 arce
1513 2674 1728 2753 reliq-'ui

128 2802 154 2829 «
186 2779 302 2832 iam
372 2778 667 2832 invenisse
704 2797 714 2829 ε
772 2786 951 2852 atque
1009 2764 1365 2831 inuenturos
1436 2779 1724 2833 existimc.

130 2905 155 2932 «
189 2877 682 2957 quandoquidem
715 2897 823 2956 ego
853 2876 1064 2933 nullibi
1090 2881 1274 2956 magis
1305 2898 1437 2934 sum
1461 2893 1728 2935 moratus.-

133 3006 159 3032 «
191 2983 304 3036 nisi
339 2994 632 3057 quantum
656 3000 754 3036 me
780 2991 1106 3058 coegerunt
1127 2983 1315 3035 venti:
1343 2992 1725 3060 preterquam

114 3094 156 3131 ἐ(
189 3085 248 3138 in
284 3081 419 3138 villa
453 3085 801 3138 nativitatis:
838 3080 981 3137 dum
1007 3086 1203 3138 a‘rcem
1236 3081 1496 3138 condere
1522 3095 1577 3137 et
1602 3094 1725 3136 tuta
