<?xml version="1.0" encoding="UTF-8"?>
<!DOCTYPE html PUBLIC "-//W3C//DTD XHTML 1.0 Transitional//EN"
    "http://www.w3.org/TR/xhtml1/DTD/xhtml1-transitional.dtd">
<html xmlns="http://www.w3.org/1999/xhtml" xml:lang="en" lang="en">
 <head>
  <title>
</title>
<meta http-equiv="Content-Type" content="text/html;charset=utf-8" />
  <meta name='ocr-system' content='tesseract 3.04.00' />
  <meta name='ocr-capabilities' content='ocr_page ocr_carea ocr_par ocr_line ocrx_word'/>
</head>
<body>
  <div class='ocr_page' id='page_1' title='image "./histoiredechrist00boss_0247.png"; bbox 0 0 2150 3692; ppageno 0'>
   <div class='ocr_carea' id='block_1_1' title="bbox 757 268 1709 325">
    <p class='ocr_par' dir='ltr' id='par_1_1' title="bbox 757 268 1709 325">
     <span class='ocr_line' id='line_1_1' title="bbox 757 268 1709 325; baseline 0.006 -7"><span class='ocrx_word' id='word_1_1' title='bbox 757 282 1091 318; x_wconf 32' lang='lat' dir='ltr'>*xPPENDICR</span> <span class='ocrx_word' id='word_1_2' title='bbox 1597 289 1625 322; x_wconf 80' lang='lat'>2</span> <span class='ocrx_word' id='word_1_3' title='bbox 1643 289 1661 323; x_wconf 87' lang='lat' dir='ltr'>I</span> <span class='ocrx_word' id='word_1_4' title='bbox 1680 268 1709 325; x_wconf 84' lang='grc'><em>5</em></span> 
     </span>
    </p>
   </div>
   <div class='ocr_carea' id='block_1_2' title="bbox 75 368 1715 3105">
    <p class='ocr_par' dir='ltr' id='par_1_2' title="bbox 75 368 1715 3105">
     <span class='ocr_line' id='line_1_2' title="bbox 115 368 1713 468; baseline 0.003 -26"><span class='ocrx_word' id='word_1_5' title='bbox 115 416 141 442; x_wconf 71' lang='lat' dir='ltr'>&lt;c</span> <span class='ocrx_word' id='word_1_6' title='bbox 173 368 354 467; x_wconf 83' lang='lat' dir='ltr'>quam</span> <span class='ocrx_word' id='word_1_7' title='bbox 378 386 734 443; x_wconf 83' lang='lat' dir='ltr'>fertilissime</span> <span class='ocrx_word' id='word_1_8' title='bbox 757 386 1512 462; x_wconf 71' lang='lat' dir='ltr'>existunt.Hec(17)multis</span> <span class='ocrx_word' id='word_1_9' title='bbox 1534 403 1713 468; x_wconf 83' lang='lat' dir='ltr'>atque</span> 
     </span>
     <span class='ocr_line' id='line_1_3' title="bbox 114 483 1709 565; baseline 0.003 -24"><span class='ocrx_word' id='word_1_10' title='bbox 114 515 138 541; x_wconf 75' lang='lat' dir='ltr'>c&lt;</span> <span class='ocrx_word' id='word_1_11' title='bbox 169 491 475 544; x_wconf 89' lang='lat' dir='ltr'>tutissimis</span> <span class='ocrx_word' id='word_1_12' title='bbox 500 483 559 543; x_wconf 87' lang='lat' dir='ltr'>et</span> <span class='ocrx_word' id='word_1_13' title='bbox 580 486 710 542; x_wconf 88' lang='lat' dir='ltr'>latis</span> <span class='ocrx_word' id='word_1_14' title='bbox 731 508 743 541; x_wconf 92' lang='lat'>:</span> <span class='ocrx_word' id='word_1_15' title='bbox 769 506 880 542; x_wconf 91' lang='lat' dir='ltr'>nec</span> <span class='ocrx_word' id='word_1_16' title='bbox 904 485 1030 542; x_wconf 92' lang='lat' dir='ltr'>aliis</span> <span class='ocrx_word' id='word_1_17' title='bbox 1055 506 1208 563; x_wconf 87' lang='lat' dir='ltr'>quos</span> <span class='ocrx_word' id='word_1_18' title='bbox 1230 507 1436 565; x_wconf 87' lang='lat' dir='ltr'>unque</span> <span class='ocrx_word' id='word_1_19' title='bbox 1461 489 1709 546; x_wconf 83' lang='lat' dir='ltr'>viderim</span> 
     </span>
     <span class='ocr_line' id='line_1_4' title="bbox 113 586 1711 668; baseline 0.004 -27"><span class='ocrx_word' id='word_1_20' title='bbox 113 615 139 641; x_wconf 70' lang='grc' dir='ltr'>α</span> <span class='ocrx_word' id='word_1_21' title='bbox 169 587 586 668; x_wconf 76' lang='lat' dir='ltr'>comparandis</span> <span class='ocrx_word' id='word_1_22' title='bbox 620 586 897 667; x_wconf 87' lang='lat' dir='ltr'>portibus</span> <span class='ocrx_word' id='word_1_23' title='bbox 926 609 937 642; x_wconf 84' lang='lat' dir='ltr'>z</span> <span class='ocrx_word' id='word_1_24' title='bbox 970 598 1060 655; x_wconf 76' lang='lat' dir='ltr'>est</span> <span class='ocrx_word' id='word_1_25' title='bbox 1094 586 1459 644; x_wconf 83' lang='lat' dir='ltr'>circumdata</span> <span class='ocrx_word' id='word_1_26' title='bbox 1492 613 1502 644; x_wconf 93' lang='lat'>:</span> <span class='ocrx_word' id='word_1_27' title='bbox 1539 591 1711 648; x_wconf 88' lang='lat' dir='ltr'>multi</span> 
     </span>
     <span class='ocr_line' id='line_1_5' title="bbox 113 686 1710 769; baseline 0.004 -28"><span class='ocrx_word' id='word_1_28' title='bbox 113 714 139 741; x_wconf 86' lang='lat'>«</span> <span class='ocrx_word' id='word_1_29' title='bbox 170 691 413 744; x_wconf 85' lang='lat' dir='ltr'>maximi</span> <span class='ocrx_word' id='word_1_30' title='bbox 475 700 532 744; x_wconf 89' lang='lat' dir='ltr'>et</span> <span class='ocrx_word' id='word_1_31' title='bbox 589 687 856 744; x_wconf 78' lang='lat' dir='ltr'>salubres</span> <span class='ocrx_word' id='word_1_32' title='bbox 909 687 1065 743; x_wconf 88' lang='lat' dir='ltr'>hanc</span> <span class='ocrx_word' id='word_1_33' title='bbox 1120 686 1473 744; x_wconf 85' lang='lat' dir='ltr'>interfluunt</span> <span class='ocrx_word' id='word_1_34' title='bbox 1529 689 1710 769; x_wconf 85' lang='lat' dir='ltr'>fluvij.</span> 
     </span>
     <span class='ocr_line' id='line_1_6' title="bbox 113 791 1712 869; baseline 0.004 -26"><span class='ocrx_word' id='word_1_35' title='bbox 113 817 139 843; x_wconf 71' lang='grc' dir='ltr'>(ι</span> <span class='ocrx_word' id='word_1_36' title='bbox 170 791 344 847; x_wconf 88' lang='lat' dir='ltr'>multi</span> <span class='ocrx_word' id='word_1_37' title='bbox 371 812 617 869; x_wconf 89' lang='lat' dir='ltr'>quoque</span> <span class='ocrx_word' id='word_1_38' title='bbox 643 803 701 847; x_wconf 93' lang='lat' dir='ltr'>et</span> <span class='ocrx_word' id='word_1_39' title='bbox 725 792 1178 846; x_wconf 78' lang='lat' dir='ltr'>eminentissimi</span> <span class='ocrx_word' id='word_1_40' title='bbox 1203 792 1264 845; x_wconf 89' lang='lat' dir='ltr'>in</span> <span class='ocrx_word' id='word_1_41' title='bbox 1289 810 1353 846; x_wconf 88' lang='lat' dir='ltr'>ea</span> <span class='ocrx_word' id='word_1_42' title='bbox 1381 804 1520 847; x_wconf 89' lang='lat' dir='ltr'>sunt</span> <span class='ocrx_word' id='word_1_43' title='bbox 1541 814 1712 850; x_wconf 88' lang='lat' dir='ltr'>mon-</span> 
     </span>
     <span class='ocr_line' id='line_1_7' title="bbox 113 891 1712 971; baseline 0.004 -28"><span class='ocrx_word' id='word_1_44' title='bbox 113 917 139 944; x_wconf 77' lang='lat'>«</span> <span class='ocrx_word' id='word_1_45' title='bbox 169 905 273 949; x_wconf 77' lang='lat' dir='ltr'>tes,</span> <span class='ocrx_word' id='word_1_46' title='bbox 310 897 534 949; x_wconf 83' lang='lat' dir='ltr'>Omnes</span> <span class='ocrx_word' id='word_1_47' title='bbox 567 892 644 948; x_wconf 88' lang='lat' dir='ltr'>he</span> <span class='ocrx_word' id='word_1_48' title='bbox 674 891 865 948; x_wconf 89' lang='lat' dir='ltr'>insule</span> <span class='ocrx_word' id='word_1_49' title='bbox 891 903 1029 947; x_wconf 89' lang='lat' dir='ltr'>sunt</span> <span class='ocrx_word' id='word_1_50' title='bbox 1062 891 1425 970; x_wconf 78' lang='lat' dir='ltr'>pulcerrime</span> <span class='ocrx_word' id='word_1_51' title='bbox 1457 905 1514 948; x_wconf 90' lang='lat' dir='ltr'>et</span> <span class='ocrx_word' id='word_1_52' title='bbox 1537 896 1712 971; x_wconf 85' lang='lat' dir='ltr'>varijs</span> 
     </span>
     <span class='ocr_line' id='line_1_8' title="bbox 113 993 1712 1073; baseline 0.004 -27"><span class='ocrx_word' id='word_1_53' title='bbox 113 1019 138 1046; x_wconf 66' lang='grc' dir='ltr'>ι(</span> <span class='ocrx_word' id='word_1_54' title='bbox 172 993 447 1051; x_wconf 85' lang='lat' dir='ltr'>distincte</span> <span class='ocrx_word' id='word_1_55' title='bbox 476 994 684 1073; x_wconf 79' lang='lat' dir='ltr'>figuris</span> <span class='ocrx_word' id='word_1_56' title='bbox 721 1017 732 1048; x_wconf 92' lang='lat'>:</span> <span class='ocrx_word' id='word_1_57' title='bbox 769 995 971 1072; x_wconf 82' lang='lat' dir='ltr'>pervie</span> <span class='ocrx_word' id='word_1_58' title='bbox 1004 1015 1015 1046; x_wconf 73' lang='grc' dir='ltr'>ε</span> <span class='ocrx_word' id='word_1_59' title='bbox 1050 1005 1109 1048; x_wconf 94' lang='lat' dir='ltr'>et</span> <span class='ocrx_word' id='word_1_60' title='bbox 1137 996 1391 1049; x_wconf 84' lang='lat' dir='ltr'>maxima</span> <span class='ocrx_word' id='word_1_61' title='bbox 1423 993 1712 1053; x_wconf 87' lang='lat' dir='ltr'>arborum</span> 
     </span>
     <span class='ocr_line' id='line_1_9' title="bbox 114 1093 1714 1175; baseline 0.002 -24"><span class='ocrx_word' id='word_1_62' title='bbox 114 1121 139 1146; x_wconf 59' lang='lat' dir='ltr'>z&lt;</span> <span class='ocrx_word' id='word_1_63' title='bbox 170 1099 449 1153; x_wconf 84' lang='lat' dir='ltr'>varietate</span> <span class='ocrx_word' id='word_1_64' title='bbox 490 1094 682 1151; x_wconf 87' lang='lat' dir='ltr'>sidera</span> <span class='ocrx_word' id='word_1_65' title='bbox 714 1093 1110 1149; x_wconf 80' lang='lat' dir='ltr'>lambentium</span> <span class='ocrx_word' id='word_1_66' title='bbox 1143 1093 1318 1173; x_wconf 84' lang='lat' dir='ltr'>plene</span> <span class='ocrx_word' id='word_1_67' title='bbox 1351 1095 1474 1172; x_wconf 71' lang='grc'>(18)</span> <span class='ocrx_word' id='word_1_68' title='bbox 1508 1119 1518 1151; x_wconf 89' lang='lat'>:</span> <span class='ocrx_word' id='word_1_69' title='bbox 1562 1119 1714 1175; x_wconf 87' lang='lat' dir='ltr'>quos</span> 
     </span>
     <span class='ocr_line' id='line_1_10' title="bbox 113 1196 1714 1282; baseline 0.004 -31"><span class='ocrx_word' id='word_1_70' title='bbox 113 1225 139 1251; x_wconf 40' lang='lat' dir='ltr'>a&lt;</span> <span class='ocrx_word' id='word_1_71' title='bbox 171 1220 503 1277; x_wconf 80' lang='lat' dir='ltr'>numquam</span> <span class='ocrx_word' id='word_1_72' title='bbox 530 1197 687 1275; x_wconf 81' lang='lat' dir='ltr'>folijs</span> <span class='ocrx_word' id='word_1_73' title='bbox 711 1201 932 1282; x_wconf 85' lang='lat' dir='ltr'>privari</span> <span class='ocrx_word' id='word_1_74' title='bbox 963 1196 1142 1254; x_wconf 91' lang='lat' dir='ltr'>credo</span> <span class='ocrx_word' id='word_1_75' title='bbox 1172 1221 1182 1254; x_wconf 92' lang='lat'>:</span> <span class='ocrx_word' id='word_1_76' title='bbox 1219 1203 1445 1279; x_wconf 82' lang='lat' dir='ltr'>quippe</span> <span class='ocrx_word' id='word_1_77' title='bbox 1472 1200 1592 1256; x_wconf 87' lang='lat' dir='ltr'>vidi</span> <span class='ocrx_word' id='word_1_78' title='bbox 1620 1223 1714 1259; x_wconf 83' lang='lat' dir='ltr'>eas</span> 
     </span>
     <span class='ocr_line' id='line_1_11' title="bbox 113 1297 1712 1377; baseline 0.004 -25"><span class='ocrx_word' id='word_1_79' title='bbox 113 1327 138 1352; x_wconf 70' lang='grc' dir='ltr'>α</span> <span class='ocrx_word' id='word_1_80' title='bbox 170 1303 249 1356; x_wconf 88' lang='lat' dir='ltr'>ita</span> <span class='ocrx_word' id='word_1_81' title='bbox 276 1303 536 1356; x_wconf 80' lang='lat' dir='ltr'>virentes</span> <span class='ocrx_word' id='word_1_82' title='bbox 565 1312 745 1377; x_wconf 90' lang='lat' dir='ltr'>atque</span> <span class='ocrx_word' id='word_1_83' title='bbox 780 1297 1024 1356; x_wconf 88' lang='lat' dir='ltr'>decoras</span> <span class='ocrx_word' id='word_1_84' title='bbox 1052 1322 1063 1355; x_wconf 80' lang='lat' dir='ltr'><strong><em>z</em></strong></span> <span class='ocrx_word' id='word_1_85' title='bbox 1095 1320 1206 1356; x_wconf 84' lang='lat' dir='ltr'>ceu</span> <span class='ocrx_word' id='word_1_86' title='bbox 1238 1321 1442 1358; x_wconf 89' lang='lat' dir='ltr'>mense</span> <span class='ocrx_word' id='word_1_87' title='bbox 1470 1305 1627 1358; x_wconf 85' lang='lat' dir='ltr'>maio</span> <span class='ocrx_word' id='word_1_88' title='bbox 1653 1307 1712 1359; x_wconf 88' lang='lat' dir='ltr'>in</span> 
     </span>
     <span class='ocr_line' id='line_1_12' title="bbox 75 1401 1713 1481; baseline 0.005 -28"><span class='ocrx_word' id='word_1_89' title='bbox 75 1444 79 1450; x_wconf 90' lang='lat'><strong><em>.</em></strong></span> <span class='ocrx_word' id='word_1_90' title='bbox 113 1428 138 1453; x_wconf 88' lang='lat'>«</span> <span class='ocrx_word' id='word_1_91' title='bbox 169 1402 439 1481; x_wconf 79' lang='lat' dir='ltr'>hispania</span> <span class='ocrx_word' id='word_1_92' title='bbox 466 1402 618 1458; x_wconf 88' lang='lat' dir='ltr'>solet</span> <span class='ocrx_word' id='word_1_93' title='bbox 651 1422 805 1458; x_wconf 88' lang='lat' dir='ltr'>esse:</span> <span class='ocrx_word' id='word_1_94' title='bbox 836 1422 1092 1479; x_wconf 87' lang='lat' dir='ltr'>quarum</span> <span class='ocrx_word' id='word_1_95' title='bbox 1119 1401 1229 1458; x_wconf 98' lang='grc'>3116</span> <span class='ocrx_word' id='word_1_96' title='bbox 1255 1401 1537 1460; x_wconf 86' lang='lat' dir='ltr'>florentes</span> <span class='ocrx_word' id='word_1_97' title='bbox 1566 1428 1577 1460; x_wconf 74' lang='grc' dir='ltr'><strong><em>ε</em></strong></span> <span class='ocrx_word' id='word_1_98' title='bbox 1604 1405 1713 1462; x_wconf 84' lang='grc'>3116</span> 
     </span>
     <span class='ocr_line' id='line_1_13' title="bbox 113 1499 1714 1563; baseline 0.006 -10"><span class='ocrx_word' id='word_1_99' title='bbox 113 1527 138 1553; x_wconf 51' lang='grc' dir='ltr'>ς(</span> <span class='ocrx_word' id='word_1_100' title='bbox 171 1499 476 1558; x_wconf 81' lang='lat' dir='ltr'>fructuose</span> <span class='ocrx_word' id='word_1_101' title='bbox 504 1526 514 1558; x_wconf 92' lang='lat'>:</span> <span class='ocrx_word' id='word_1_102' title='bbox 549 1503 660 1559; x_wconf 87' lang='lat' dir='ltr'>alie</span> <span class='ocrx_word' id='word_1_103' title='bbox 693 1506 752 1558; x_wconf 91' lang='lat' dir='ltr'>in</span> <span class='ocrx_word' id='word_1_104' title='bbox 786 1503 901 1559; x_wconf 91' lang='lat' dir='ltr'>alio</span> <span class='ocrx_word' id='word_1_105' title='bbox 932 1515 1087 1559; x_wconf 89' lang='lat' dir='ltr'>statu</span> <span class='ocrx_word' id='word_1_106' title='bbox 1121 1525 1133 1558; x_wconf 76' lang='lat' dir='ltr'><em>z</em></span> <span class='ocrx_word' id='word_1_107' title='bbox 1164 1504 1494 1560; x_wconf 88' lang='lat' dir='ltr'>secundum</span> <span class='ocrx_word' id='word_1_108' title='bbox 1536 1511 1714 1563; x_wconf 89' lang='lat' dir='ltr'>unius</span> 
     </span>
     <span class='ocr_line' id='line_1_14' title="bbox 114 1603 1715 1688; baseline 0.006 -33"><span class='ocrx_word' id='word_1_109' title='bbox 114 1629 139 1655; x_wconf 72' lang='lat' dir='ltr'>&lt;c</span> <span class='ocrx_word' id='word_1_110' title='bbox 173 1607 465 1682; x_wconf 87' lang='lat' dir='ltr'>cuiusque</span> <span class='ocrx_word' id='word_1_111' title='bbox 491 1604 840 1682; x_wconf 80' lang='lat' dir='ltr'>qualitatem</span> <span class='ocrx_word' id='word_1_112' title='bbox 866 1603 1174 1683; x_wconf 83' lang='lat' dir='ltr'>vigebant:</span> <span class='ocrx_word' id='word_1_113' title='bbox 1201 1606 1497 1684; x_wconf 78' lang='lat' dir='ltr'>garriebat</span> <span class='ocrx_word' id='word_1_114' title='bbox 1520 1609 1715 1688; x_wconf 87' lang='lat' dir='ltr'>philo-</span> 
     </span>
     <span class='ocr_line' id='line_1_15' title="bbox 118 1704 1714 1784; baseline 0.004 -25"><span class='ocrx_word' id='word_1_115' title='bbox 118 1728 143 1755; x_wconf 74' lang='lat'>«</span> <span class='ocrx_word' id='word_1_116' title='bbox 174 1724 349 1760; x_wconf 89' lang='lat' dir='ltr'>mena</span> <span class='ocrx_word' id='word_1_117' title='bbox 384 1728 395 1760; x_wconf 74' lang='grc' dir='ltr'>ε</span> <span class='ocrx_word' id='word_1_118' title='bbox 438 1717 495 1761; x_wconf 90' lang='lat' dir='ltr'>et</span> <span class='ocrx_word' id='word_1_119' title='bbox 537 1704 631 1780; x_wconf 86' lang='lat' dir='ltr'>alij</span> <span class='ocrx_word' id='word_1_120' title='bbox 670 1725 933 1784; x_wconf 87' lang='lat' dir='ltr'>passeres</span> <span class='ocrx_word' id='word_1_121' title='bbox 968 1704 1092 1783; x_wconf 75' lang='lat'>(19)</span> <span class='ocrx_word' id='word_1_122' title='bbox 1125 1707 1267 1783; x_wconf 87' lang='lat' dir='ltr'>varij</span> <span class='ocrx_word' id='word_1_123' title='bbox 1310 1727 1378 1763; x_wconf 91' lang='lat' dir='ltr'>ac</span> <span class='ocrx_word' id='word_1_124' title='bbox 1409 1712 1668 1765; x_wconf 88' lang='lat' dir='ltr'>inumeri</span> <span class='ocrx_word' id='word_1_125' title='bbox 1705 1734 1714 1766; x_wconf 75' lang='grc' dir='ltr'><em>τ</em></span> 
     </span>
     <span class='ocr_line' id='line_1_16' title="bbox 116 1804 1712 1885; baseline 0.007 -30"><span class='ocrx_word' id='word_1_126' title='bbox 116 1829 142 1855; x_wconf 85' lang='grc'>«</span> <span class='ocrx_word' id='word_1_127' title='bbox 173 1825 378 1860; x_wconf 84' lang='grc'>11161156</span> <span class='ocrx_word' id='word_1_128' title='bbox 408 1804 756 1862; x_wconf 84' lang='lat' dir='ltr'>novembris</span> <span class='ocrx_word' id='word_1_129' title='bbox 788 1825 910 1882; x_wconf 87' lang='lat' dir='ltr'>quo</span> <span class='ocrx_word' id='word_1_130' title='bbox 943 1808 1071 1885; x_wconf 89' lang='lat' dir='ltr'>ipse</span> <span class='ocrx_word' id='word_1_131' title='bbox 1100 1826 1208 1885; x_wconf 85' lang='lat' dir='ltr'>per</span> <span class='ocrx_word' id='word_1_132' title='bbox 1242 1827 1336 1863; x_wconf 86' lang='lat' dir='ltr'>eas</span> <span class='ocrx_word' id='word_1_133' title='bbox 1370 1806 1712 1866; x_wconf 89' lang='lat' dir='ltr'>deambula-</span> 
     </span>
     <span class='ocr_line' id='line_1_17' title="bbox 116 1904 1713 1989; baseline 0.003 -27"><span class='ocrx_word' id='word_1_134' title='bbox 116 1931 141 1956; x_wconf 86' lang='lat'>«</span> <span class='ocrx_word' id='word_1_135' title='bbox 173 1905 330 1962; x_wconf 86' lang='lat' dir='ltr'>bam.</span> <span class='ocrx_word' id='word_1_136' title='bbox 368 1911 518 1962; x_wconf 85' lang='lat' dir='ltr'>Sunt</span> <span class='ocrx_word' id='word_1_137' title='bbox 544 1918 817 1985; x_wconf 88' lang='lat' dir='ltr'>preterea</span> <span class='ocrx_word' id='word_1_138' title='bbox 841 1909 902 1962; x_wconf 92' lang='lat' dir='ltr'>in</span> <span class='ocrx_word' id='word_1_139' title='bbox 929 1904 1086 1962; x_wconf 89' lang='lat' dir='ltr'>dicta</span> <span class='ocrx_word' id='word_1_140' title='bbox 1113 1907 1305 1964; x_wconf 87' lang='lat' dir='ltr'>insula</span> <span class='ocrx_word' id='word_1_141' title='bbox 1333 1909 1560 1965; x_wconf 89' lang='lat' dir='ltr'>Johana</span> <span class='ocrx_word' id='word_1_142' title='bbox 1583 1931 1713 1989; x_wconf 89' lang='lat' dir='ltr'>sep-</span> 
     </span>
     <span class='ocr_line' id='line_1_18' title="bbox 115 2005 1711 2089; baseline 0.006 -32"><span class='ocrx_word' id='word_1_143' title='bbox 115 2032 140 2058; x_wconf 79' lang='lat'>«</span> <span class='ocrx_word' id='word_1_144' title='bbox 172 2018 293 2062; x_wconf 90' lang='lat' dir='ltr'>tem</span> <span class='ocrx_word' id='word_1_145' title='bbox 332 2006 425 2063; x_wconf 85' lang='lat' dir='ltr'>vel</span> <span class='ocrx_word' id='word_1_146' title='bbox 467 2019 604 2063; x_wconf 86' lang='lat' dir='ltr'>octo</span> <span class='ocrx_word' id='word_1_147' title='bbox 639 2005 973 2085; x_wconf 88' lang='lat' dir='ltr'>palmarum</span> <span class='ocrx_word' id='word_1_148' title='bbox 1013 2026 1230 2084; x_wconf 81' lang='lat' dir='ltr'>genera</span> <span class='ocrx_word' id='word_1_149' title='bbox 1257 2030 1268 2062; x_wconf 81' lang='lat' dir='ltr'><strong><em>z</em></strong></span> <span class='ocrx_word' id='word_1_150' title='bbox 1299 2028 1417 2086; x_wconf 89' lang='lat' dir='ltr'>que</span> <span class='ocrx_word' id='word_1_151' title='bbox 1447 2013 1711 2089; x_wconf 87' lang='lat' dir='ltr'>proceri-</span> 
     </span>
     <span class='ocr_line' id='line_1_19' title="bbox 114 2096 1710 2185; baseline 0.006 -28"><span class='ocrx_word' id='word_1_152' title='bbox 114 2129 140 2157; x_wconf 70' lang='lat'>«</span> <span class='ocrx_word' id='word_1_153' title='bbox 167 2118 284 2162; x_wconf 87' lang='lat' dir='ltr'>tate</span> <span class='ocrx_word' id='word_1_154' title='bbox 333 2119 391 2162; x_wconf 91' lang='lat' dir='ltr'>et</span> <span class='ocrx_word' id='word_1_155' title='bbox 421 2104 851 2185; x_wconf 25' lang='lat' dir='ltr'>&lt;pulcritudine</span> <span class='ocrx_word' id='word_1_156' title='bbox 901 2104 1462 2183; x_wconf 79' lang='lat' dir='ltr'>(quemadmodum</span> <span class='ocrx_word' id='word_1_157' title='bbox 1516 2096 1710 2166; x_wconf 87' lang='lat' dir='ltr'>cetere</span> 
     </span>
     <span class='ocr_line' id='line_1_20' title="bbox 113 2205 1712 2285; baseline 0.002 -23"><span class='ocrx_word' id='word_1_158' title='bbox 113 2231 139 2257; x_wconf 87' lang='lat'>«</span> <span class='ocrx_word' id='word_1_159' title='bbox 172 2227 380 2263; x_wconf 88' lang='lat' dir='ltr'>omnes</span> <span class='ocrx_word' id='word_1_160' title='bbox 430 2206 706 2278; x_wconf 77' lang='lat' dir='ltr'>arboreS‚</span> <span class='ocrx_word' id='word_1_161' title='bbox 759 2205 976 2276; x_wconf 79' lang='lat' dir='ltr'>herbe,</span> <span class='ocrx_word' id='word_1_162' title='bbox 1028 2205 1381 2285; x_wconf 84' lang='lat' dir='ltr'>fructusque</span> <span class='ocrx_word' id='word_1_163' title='bbox 1410 2207 1430 2285; x_wconf 85' lang='lat'>)</span> <span class='ocrx_word' id='word_1_164' title='bbox 1480 2221 1712 2265; x_wconf 88' lang='lat' dir='ltr'>nostras</span> 
     </span>
     <span class='ocr_line' id='line_1_21' title="bbox 114 2307 1714 2390; baseline 0.004 -31"><span class='ocrx_word' id='word_1_165' title='bbox 114 2333 140 2359; x_wconf 87' lang='lat'>«</span> <span class='ocrx_word' id='word_1_166' title='bbox 172 2307 341 2364; x_wconf 88' lang='lat' dir='ltr'>facile</span> <span class='ocrx_word' id='word_1_167' title='bbox 363 2321 694 2388; x_wconf 85' lang='lat' dir='ltr'>exuperant</span> <span class='ocrx_word' id='word_1_168' title='bbox 719 2331 730 2364; x_wconf 76' lang='grc' dir='ltr'>ε</span> <span class='ocrx_word' id='word_1_169' title='bbox 758 2320 896 2365; x_wconf 91' lang='lat' dir='ltr'>sunt</span> <span class='ocrx_word' id='word_1_170' title='bbox 922 2320 980 2364; x_wconf 93' lang='lat' dir='ltr'>et</span> <span class='ocrx_word' id='word_1_171' title='bbox 1003 2308 1304 2365; x_wconf 87' lang='lat' dir='ltr'>mirabiles</span> <span class='ocrx_word' id='word_1_172' title='bbox 1329 2312 1533 2389; x_wconf 78' lang='lat' dir='ltr'>pinus,</span> <span class='ocrx_word' id='word_1_173' title='bbox 1562 2315 1714 2390; x_wconf 71' lang='lat' dir='ltr'>agri,</span> 
     </span>
     <span class='ocr_line' id='line_1_22' title="bbox 114 2410 1713 2487; baseline 0.003 -24"><span class='ocrx_word' id='word_1_174' title='bbox 114 2432 140 2459; x_wconf 74' lang='lat' dir='ltr'>&lt;c</span> <span class='ocrx_word' id='word_1_175' title='bbox 171 2420 229 2464; x_wconf 90' lang='lat' dir='ltr'>et</span> <span class='ocrx_word' id='word_1_176' title='bbox 275 2421 442 2487; x_wconf 88' lang='lat' dir='ltr'>prata</span> <span class='ocrx_word' id='word_1_177' title='bbox 489 2412 844 2480; x_wconf 78' lang='lat' dir='ltr'>vastissima,</span> <span class='ocrx_word' id='word_1_178' title='bbox 886 2411 1045 2466; x_wconf 82' lang='lat' dir='ltr'>varie</span> <span class='ocrx_word' id='word_1_179' title='bbox 1094 2429 1261 2480; x_wconf 86' lang='grc'>31165,</span> <span class='ocrx_word' id='word_1_180' title='bbox 1303 2413 1462 2467; x_wconf 85' lang='lat' dir='ltr'>varia</span> <span class='ocrx_word' id='word_1_181' title='bbox 1505 2410 1713 2482; x_wconf 84' lang='grc'>1116113,</span> 
     </span>
     <span class='ocr_line' id='line_1_23' title="bbox 114 2511 1712 2592; baseline 0.005 -30"><span class='ocrx_word' id='word_1_182' title='bbox 114 2535 140 2563; x_wconf 72' lang='grc' dir='ltr'><strong>κ</strong></span> <span class='ocrx_word' id='word_1_183' title='bbox 166 2515 447 2590; x_wconf 79' lang='lat' dir='ltr'>variaque</span> <span class='ocrx_word' id='word_1_184' title='bbox 486 2511 722 2569; x_wconf 72' lang='lat' dir='ltr'>metalla</span> <span class='ocrx_word' id='word_1_185' title='bbox 759 2535 769 2568; x_wconf 91' lang='lat'>:</span> <span class='ocrx_word' id='word_1_186' title='bbox 804 2511 964 2569; x_wconf 87' lang='lat' dir='ltr'>ferro</span> <span class='ocrx_word' id='word_1_187' title='bbox 1005 2525 1272 2592; x_wconf 82' lang='lat' dir='ltr'>excepto.</span> <span class='ocrx_word' id='word_1_188' title='bbox 1306 2517 1374 2569; x_wconf 92' lang='lat' dir='ltr'>In</span> <span class='ocrx_word' id='word_1_189' title='bbox 1408 2534 1474 2570; x_wconf 90' lang='lat' dir='ltr'>ea</span> <span class='ocrx_word' id='word_1_190' title='bbox 1513 2526 1712 2570; x_wconf 87' lang='lat' dir='ltr'>autem</span> 
     </span>
     <span class='ocr_line' id='line_1_24' title="bbox 113 2613 1708 2695; baseline 0.004 -30"><span class='ocrx_word' id='word_1_191' title='bbox 113 2638 139 2665; x_wconf 83' lang='lat'>«</span> <span class='ocrx_word' id='word_1_192' title='bbox 171 2633 353 2690; x_wconf 89' lang='lat' dir='ltr'>quam</span> <span class='ocrx_word' id='word_1_193' title='bbox 403 2616 728 2693; x_wconf 86' lang='lat' dir='ltr'>Hispanam</span> <span class='ocrx_word' id='word_1_194' title='bbox 775 2613 962 2692; x_wconf 86' lang='lat' dir='ltr'>supra</span> <span class='ocrx_word' id='word_1_195' title='bbox 1009 2613 1266 2671; x_wconf 85' lang='lat' dir='ltr'>diximus</span> <span class='ocrx_word' id='word_1_196' title='bbox 1320 2619 1659 2695; x_wconf 89' lang='lat' dir='ltr'>nuncupari</span> <span class='ocrx_word' id='word_1_197' title='bbox 1698 2639 1708 2671; x_wconf 92' lang='lat'>:</span> 
     </span>
     <span class='ocr_line' id='line_1_25' title="bbox 113 2717 1714 2796; baseline 0.001 -23"><span class='ocrx_word' id='word_1_198' title='bbox 113 2742 138 2769; x_wconf 86' lang='lat'>«</span> <span class='ocrx_word' id='word_1_199' title='bbox 170 2720 411 2773; x_wconf 81' lang='lat' dir='ltr'>maximi</span> <span class='ocrx_word' id='word_1_200' title='bbox 436 2731 576 2774; x_wconf 89' lang='lat' dir='ltr'>sunt</span> <span class='ocrx_word' id='word_1_201' title='bbox 605 2729 840 2773; x_wconf 91' lang='lat' dir='ltr'>montes</span> <span class='ocrx_word' id='word_1_202' title='bbox 863 2737 930 2773; x_wconf 91' lang='lat' dir='ltr'>ac</span> <span class='ocrx_word' id='word_1_203' title='bbox 955 2717 1148 2796; x_wconf 85' lang='lat' dir='ltr'>pulcri</span> <span class='ocrx_word' id='word_1_204' title='bbox 1177 2731 1380 2775; x_wconf 63' lang='lat' dir='ltr'>:vasta</span> <span class='ocrx_word' id='word_1_205' title='bbox 1413 2739 1582 2791; x_wconf 77' lang='lat' dir='ltr'>rura,</span> <span class='ocrx_word' id='word_1_206' title='bbox 1611 2739 1714 2775; x_wconf 92' lang='lat' dir='ltr'>ne-</span> 
     </span>
     <span class='ocr_line' id='line_1_26' title="bbox 114 2817 1712 2900; baseline 0.005 -31"><span class='ocrx_word' id='word_1_207' title='bbox 114 2843 139 2869; x_wconf 83' lang='lat'>«</span> <span class='ocrx_word' id='word_1_208' title='bbox 171 2839 366 2891; x_wconf 79' lang='lat' dir='ltr'>mora,</span> <span class='ocrx_word' id='word_1_209' title='bbox 414 2823 608 2898; x_wconf 88' lang='lat' dir='ltr'>campi</span> <span class='ocrx_word' id='word_1_210' title='bbox 655 2817 1000 2876; x_wconf 89' lang='lat' dir='ltr'>feracissimi</span> <span class='ocrx_word' id='word_1_211' title='bbox 1040 2865 1054 2891; x_wconf 93' lang='grc'>,</span> <span class='ocrx_word' id='word_1_212' title='bbox 1115 2823 1229 2876; x_wconf 89' lang='lat' dir='ltr'>seri</span> <span class='ocrx_word' id='word_1_213' title='bbox 1257 2866 1270 2891; x_wconf 81' lang='grc'>,</span> <span class='ocrx_word' id='word_1_214' title='bbox 1320 2824 1604 2900; x_wconf 85' lang='lat' dir='ltr'>pacisque</span> <span class='ocrx_word' id='word_1_215' title='bbox 1654 2834 1712 2877; x_wconf 87' lang='lat' dir='ltr'>et</span> 
     </span>
     <span class='ocr_line' id='line_1_27' title="bbox 114 2920 1715 3001; baseline 0.002 -29"><span class='ocrx_word' id='word_1_216' title='bbox 114 2947 140 2972; x_wconf 82' lang='lat'>«</span> <span class='ocrx_word' id='word_1_217' title='bbox 172 2920 500 2978; x_wconf 84' lang='lat' dir='ltr'>condendis</span> <span class='ocrx_word' id='word_1_218' title='bbox 518 2921 763 2979; x_wconf 80' lang='lat' dir='ltr'>edificiis</span> <span class='ocrx_word' id='word_1_219' title='bbox 772 2925 1057 3001; x_wconf 86' lang='lat' dir='ltr'>aptissimi</span> <span class='ocrx_word' id='word_1_220' title='bbox 1071 2921 1125 2999; x_wconf 77' lang='lat'>(2</span> <span class='ocrx_word' id='word_1_221' title='bbox 1135 2922 1212 3000; x_wconf 74' lang='lat' dir='ltr'>o).</span> <span class='ocrx_word' id='word_1_222' title='bbox 1226 2926 1514 2979; x_wconf 90' lang='lat' dir='ltr'>Portuum</span> <span class='ocrx_word' id='word_1_223' title='bbox 1530 2926 1590 2977; x_wconf 91' lang='lat' dir='ltr'>in</span> <span class='ocrx_word' id='word_1_224' title='bbox 1605 2921 1715 2977; x_wconf 91' lang='lat' dir='ltr'>hac</span> 
     </span>
     <span class='ocr_line' id='line_1_28' title="bbox 118 3022 1710 3105; baseline 0.003 -32"><span class='ocrx_word' id='word_1_225' title='bbox 118 3047 143 3074; x_wconf 64' lang='grc' dir='ltr'>(ι</span> <span class='ocrx_word' id='word_1_226' title='bbox 175 3022 363 3078; x_wconf 85' lang='lat' dir='ltr'>insula</span> <span class='ocrx_word' id='word_1_227' title='bbox 406 3023 839 3081; x_wconf 79' lang='lat' dir='ltr'>commoditas:</span> <span class='ocrx_word' id='word_1_228' title='bbox 876 3037 934 3082; x_wconf 92' lang='lat' dir='ltr'>et</span> <span class='ocrx_word' id='word_1_229' title='bbox 967 3028 1361 3105; x_wconf 88' lang='lat' dir='ltr'>prestantium</span> <span class='ocrx_word' id='word_1_230' title='bbox 1396 3023 1710 3080; x_wconf 81' lang='lat' dir='ltr'>fluminum</span> 
     </span>
    </p>
   </div>
  </div>
 </body>
</html>
