2150 3692
724 307 1063 343 APPENDICE.
1573 312 1601 343 ‘2
1624 310 1690 366 19

101 433 126 458 κ
157 407 260 463 diu
289 407 605 464 nobiscum
633 410 847 463 versati
878 405 1101 462 fuerint
1127 405 1426 485 hodieque
1455 430 1690 466 versen-

101 532 126 558 «
157 519 273 563 tur.
315 520 373 563 et
411 508 474 562 hi
515 519 684 563 erant
717 510 896 586 primi
929 509 1033 584 qui
1071 504 1132 561 id
1169 526 1556 586 quocumque
1590 530 1690 588 ap-

101 631 126 658 «
158 606 526 685 pellabamus
551 607 917 664 nunciabant
940 631 950 663 :
976 607 1070 684 alij
1100 605 1380 686 deinceps
1399 609 1525 685 alijs
1544 611 1688 668 elata

100 734 126 760 ι(
156 728 302 764 voce
332 706 611 765 dicentes.
638 712 850 765 Venite
874 711 1071 764 venite
1101 720 1159 764 et
1183 707 1458 764 videbitis
1492 725 1692 788 gentes

101 834 127 862 α
159 810 444 866 ethereas.
479 810 889 883 Quamobrem
920 823 1040 866 tam
1075 808 1293 866 femine
1327 830 1506 888 quam
1539 815 1647 867 viri
1682 837 1692 868 ς

103 937 128 963 (ι
157 924 276 967 tam
302 911 646 991 impuberes
670 933 850 990 quam
875 910 1091 996 adulti:
1117 924 1236 967 tam
1255 915 1496 968 iuvenes
1514 934 1691 991 quam

102 1039 128 1065 «
156 1035 325 1070 senes
346 1038 356 1070 :
384 1014 652 1094 deposita
674 1012 995 1070 formidine
1017 1014 1198 1092 paulo
1216 1026 1352 1070 ante
1371 1027 1661 1093 concepta
1683 1038 1693 1069 ε

103 1140 129 1167 α
158 1136 267 1172 nos
308 1120 579 1172 certatim
614 1114 885 1171 visebant
925 1135 1139 1194 magna
1171 1119 1283 1172 iter
1315 1119 1572 1195 stipante
1605 1135 1697 1171 ca-

104 1239 130 1266 «
158 1227 325 1271 terua
371 1215 500 1292 alijs
548 1214 781 1286 cibum,
829 1214 957 1291 alijs
1002 1212 1233 1294 potum*
1261 1214 1648 1272 afferentibus
1685 1239 1696 1269 :

103 1339 129 1365 «
159 1318 421 1371 maximo
447 1336 585 1371 cum
607 1336 812 1371 amore
831 1335 898 1371 ac
916 1314 1326 1373 beniuolentia
1344 1316 1697 1374 incredibili.

65 1459 71 1463 .
104 1440 130 1466 <c
160 1416 353 1472 Habet
383 1436 748 1495 unaqueque
781 1416 972 1472 insula
1000 1417 1216 1472 multas
1248 1418 1494 1496 scaphas
1528 1417 1700 1474 solidi

104 1518 305 1596 «ligni
352 1541 380 1583 z„
413 1522 520 1574 etsi
575 1530 852 1596 angustas
900 1541 910 1572 :
957 1517 1334 1596 lungitudine
1382 1532 1582 1577 tamen
1634 1540 1700 1576 ac

106 1643 131 1669 «
166 1617 356 1674 forma
391 1621 608 1674 nostris
640 1617 972 1674 biremibus
1007 1618 1224 1674 similes
1251 1641 1269 1673 z·
1293 1639 1472 1675 eursu
1502 1632 1700 1675 autem

107 1733 305 1776 «sunt
352 1721 695 1777 velociores
744 1726 1054 1800 Reguntur
1101 1724 1279 1778 remis
1325 1720 1697 1778 tantumodo,

106 1847 133 1874 (ε
164 1828 389 1879 Harum
423 1822 681 1901 quedam
723 1835 862 1880 sunt
891 1844 1105 1901 magne
1135 1846 1146 1878 :
1183 1821 1443 1901 quedam
1478 1844 1659 1902 parve
1687 1847 1697 1878 :

107 1949 134 1975 ‹<
165 1923 425 2001 quedam
478 1928 538 1980 in
589 1922 789 1980 medio
843 1927 1193 1981 consistunt.
1247 1924 1451 1981 Plures
1500 1936 1700 1980 tamen

107 2054 134 2080 «
165 2028 382 2086 biremi
431 2050 550 2107 qua
603 2032 896 2108 remigent
958 2027 1372 2107 duodeuiginti
1431 2032 1701 2096 transtris

107 2153 134 2179 <c
165 2131 458 2185 maiores:
501 2149 638 2184 cum
679 2128 899 2206 quibus
940 2132 1001 2184 in
1039 2149 1247 2184 omnes
1283 2127 1409 2184 illas
1441 2128 1700 2184 insulas:

108 2255 135 2282 ι(
167 2250 286 2308 que
313 2233 627 2287 innumere
651 2243 820 2287 sunt:
851 2231 1172 2307 trajiciunt.
1200 2250 1460 2307 cumque
1483 2229 1576 2286 his
1600 2251 1702 2287 sua

108 2357 134 2384 «
166 2346 504 2389 mercatura
558 2346 837 2390 exercent
886 2356 897 2388 z
954 2346 1013 2390 et
1058 2337 1214 2389 inter
1266 2353 1365 2389 eos
1420 2336 1702 2389 comertia

109 2459 135 2485 «
166 2433 338 2490 fiunt.
380 2434 623 2512 Aliquas
667 2456 776 2513 ego
815 2435 1031 2490 harum
1073 2434 1396 2491 biremium
1438 2455 1541 2490 seu
1581 2453 1702 2490 sca-

111 2561 135 2586 «
168 2535 426 2614 pharum
476 2559 487 2590 :
543 2533 663 2591 vidi
716 2556 833 2613 que
876 2535 1174 2592 vehebant
1224 2539 1597 2616 septuaginta
1649 2550 1705 2592 et

110 2662 136 2689 «
166 2640 508 2716 octuaginta
564 2640 832 2715 remiges.
895 2642 960 2692 In
1021 2635 1302 2693 omnibus
1356 2637 1448 2694 his
1498 2636 1705 2693 insulis

111 2737 328 2794 «nulla
368 2751 455 2794 est
497 2736 803 2794 diversitas
846 2741 1017 2794 inter.
1039 2741 1227 2815 gentis
1266 2735 1507 2815 effigies.
1543 2736 1706 2793 nulla

112 2863 137 2888 (c
170 2841 230 2894 in
286 2837 561 2894 moribus
616 2850 795 2916 atque
849 2837 1088 2917 loquela
1126 2860 1137 2892 :
1185 2840 1332 2915 quin
1386 2857 1594 2893 omnes
1646 2856 1705 2892 se

114 2938 510 3018 «intelligunt
553 2939 627 2996 ad
672 2944 925 2995 invicem
963 2963 973 2996 ε
1017 2960 1134 3018 que
1179 2960 1271 2995 res
1315 2930 1592 3018 perutilis‘
1621 2950 1705 3013 est

115 3065 141 3090 ε(
173 3038 246 3095 ad
275 3039 334 3095 id
364 3040 531 3118 quod
560 3044 1002 3099 serenissimum
1034 3060 1233 3120 regem
1268 3053 1539 3097 nostrum
1570 3058 1708 3094 exous
