2150 3692
762 309 1102 345 APPENDICE.
1618 316 1646 349 2
1657 316 1687 349 2
1702 295 1731 352 5

139 433 165 459 <c
195 406 492 487 por-alium
549 411 918 464 incrementa
955 430 966 461 ε
1033 428 1297 485 quorum
1360 432 1483 468 non
1542 413 1732 470 solum

137 534 164 561 (ε
195 512 475 589 Hispania
518 508 622 567 sed
662 513 940 567 universa
976 510 1374 568 christianitas
1418 528 1504 571 est
1537 514 1738 573 futura

138 637 163 663 c<
195 615 510 692 particeps.
545 616 668 669 Hec
697 624 765 669 ut
800 626 960 692 gesta
988 624 1129 670 sunt
1159 616 1242 669 sic
1275 611 1543 674 breuiter
1575 638 1740 674 enar-

137 737 163 763 «
197 725 338 770 rata.
375 713 538 770 Uale.

421 913 447 938 «
479 887 769 945 Ulisbone
799 886 991 967 pridie
1022 886 1196 966 ydius
1223 889 1447 965 Marcij,

944 1087 969 1112 α
988 1064 1390 1118 CRISTOFORUS
1426 1064 1655 1118 COLom.

846 1274 872 1300 ε(
909 1251 1139 1305 Oceane
1173 1248 1345 1306 classi
1359 1250 1684 1329 prefectus.
1719 1277 1744 1302 n

67 1444 73 1448 ’
124 1454 522 1528 ,Epigramma
553 1454 620 1505 B.
651 1453 717 1505 L.
756 1449 832 1505 de
872 1447 1147 1506 Corbaria
1178 1454 1464 1530 Episcopi
1489 1455 1736 1509 Montis-

201 1548 432 1628 palusii
455 1549 541 1605 ad
566 1553 715 1606 invio
725 1554 1010 1608 tissimum
1034 1572 1232 1630 regem
1256 1554 1697 1630 Hispaniarum.

250 1758 267 1773 α
289 1737 315 1778 J
318 1750 388 1778 am
408 1735 529 1778 nulla
547 1734 754 1793 Hispanis
774 1734 902 1776 tellus
920 1733 1124 1775 addenda
1148 1734 1405 1791 triumphis;

310 1837 328 1851 «
350 1817 493 1872 Atque
515 1830 674 1873 parum
697 1814 828 1857 tantis
855 1814 1021 1855 viribus
1046 1814 1164 1856 orbis
1187 1825 1292 1856 erat.

251 1916 267 1931 «
291 1896 418 1936 Hunc
440 1895 570 1951 longe
588 1894 690 1936 Eois
714 1893 843 1950 regiis
862 1892 1080 1951 deprensa
1100 1894 1179 1935 sub
1202 1893 1352 1945 undis,
1390 1894 1393 1896 ’

312 1994 328 2009 «
352 1975 547 2015 Auctura
570 1984 632 2015 est
648 1973 817 2023 titulos,
836 1972 980 2015 Betice
998 1988 1176 2030 magne,
1198 1985 1311 2016 tuos.

250 2073 267 2088 <z
288 2051 421 2093 Unde
437 2051 655 2110 repertori
670 2052 831 2094 merito
853 2051 1084 2094 referenda
1101 2053 1321 2095 Columbo

310 2153 327 2168 «
352 2133 498 2174 Gratia
516 2147 526 2174 ;
546 2148 622 2174 seu
642 2148 813 2175 summo
832 2144 894 2174 est
916 2135 1058 2190 major
1073 2132 1277 2174 habenda
1295 2135 1388 2175 Deo
1407 2151 1414 2175 :

250 2233 267 2248 α
290 2211 380 2264 Qui
399 2210 616 2254 vincenda
632 2223 757 2269 parat
773 2227 891 2254 noua
907 2227 1043 2269 regna
1057 2211 1244 2269 tibique,
1263 2212 1451 2270 sibique‚

309 2313 325 2328 «
346 2293 497 2350 Teque
517 2291 645 2334 simul
662 2291 821 2334 fortem
837 2304 1001 2350 prestat
1019 2304 1061 2335 et
1078 2308 1169 2334 esse
1185 2292 1321 2351 pium.
1343 2313 1359 2328 n
1378 2294 1434 2347 (ἢ

191 2475 247 2528 (*)
282 2476 305 2515 J
310 2474 363 2515 'ai
386 2490 466 2516 cru
482 2473 636 2516 devoir
651 2473 794 2515 sujvre
809 2474 1038 2531 l’exemple
1054 2473 1106 2515 de
1130 2475 1316 2516 l'auteur
1332 2490 1386 2515 eu
1410 2491 1463 2515 ne
1487 2475 1728 2517 traduisant

130 2553 254 2612 point
270 2564 380 2596 cette
396 2553 516 2612 piece
534 2553 588 2596 de
607 2569 718 2596 vers.
743 2555 868 2609 (Note
884 2557 937 2593 du
955 2548 1223 2609 traducteur).
