2150 3692
415 304 444 337 2
463 303 481 338 1
495 281 531 337 6
1041 303 1378 341 APPENDICE.

412 431 438 456 c<
471 407 642 482 copia
675 402 1019 460 salubritate
1046 403 1304 461 admixta
1322 405 1639 461 hominum
1669 403 1792 483 (21)
1812 428 1823 462 :
1843 403 2006 484 quod

413 509 583 569 <quisi
624 509 758 584 quis
790 505 1042 562 viderit:
1079 505 1493 564 credulitatem
1527 520 1784 588 superat.
1818 508 2009 584 Hujus

412 633 435 659 «
467 607 713 664 arbores
732 628 948 688 pascua
966 620 1023 663 et
1041 606 1271 665 fructus
1284 609 1543 678 multum
1561 609 1635 666 ab
1655 609 1767 665 illis
1785 615 1812 666 J
1816 609 2010 667 ohane

414 707 771 765 «differunt.
818 714 940 764 Hec
983 720 1254 786 preterea
1302 713 1561 788 Hispana
1605 708 1837 766 diverso
1878 729 2011 766 aro-

413 837 438 862 «
470 814 642 866 matis
674 829 918 889 genere,
953 808 1328 887 metallisque
1358 809 1640 867 abundat.
1677 812 1848 888 cujus
1877 814 2009 889 qui-

412 936 438 963 «
470 910 605 968 dem
635 923 691 967 et
718 913 989 966 omnium
1013 910 1262 966 aliarum
1289 931 1436 988 quas
1462 932 1571 989 ego
1597 910 1724 968 uidi
1749 935 1760 967 :
1787 925 1845 969 et
1869 933 2011 990 qua-

417 1040 439 1066 κ(
471 1035 606 1088 rum
663 1015 1066 1090 cognitionem
1126 1011 1320 1068 habeo
1370 1035 1380 1067 ε
1443 1000 1637 1069 incole
1696 1016 2010 1091 utriusque

415 1143 439 1168 ε(
470 1137 640 1173 sexus
679 1114 827 1171 nudi
864 1135 1100 1194 semper
1134 1113 1462 1171 incedunt:
1499 1114 2010 1193 quemadmodum

414 1242 439 1268 «
473 1217 734 1273 eduntur
766 1220 825 1270 in
860 1215 1072 1271 lucem.
1105 1228 1306 1294 preter
1335 1215 1562 1293 aliquas
1596 1214 1861 1273 feminas,
1894 1237 2018 1294 que

413 1344 437 1369 <c
470 1317 613 1374 folio
649 1316 935 1374 frondeve
971 1316 1169 1394 aliqua
1209 1328 1311 1371 aut
1351 1314 1702 1372 bombicino
1734 1316 1867 1373 velo
1902 1338 2011 1396 pu-

415 1445 438 1471 «
473 1417 667 1476 denda
700 1421 1020 1497 operiunt:
1057 1415 1222 1494 quod
1264 1419 1388 1495 ipse
1428 1416 1541 1473 sibi
1580 1416 1653 1473 ad
1687 1416 1746 1473 id
1779 1419 2009 1496 negocij

415 1547 439 1573 α
475 1533 703 1601 parant.
739 1526 956 1577 Carent
988 1519 1051 1574 hi
1083 1539 1291 1575 omnes
1323 1518 1435 1595 (ut
1459 1539 1638 1599 supra
1668 1518 1828 1596 dixi)
1863 1540 2013 1597 quo-

415 1649 440 1676 «
474 1645 715 1703 cunque
748 1643 964 1703 genere
999 1621 1157 1679 ferri.
1199 1634 1404 1679 carent
1433 1634 1491 1678 et
1526 1626 1705 1679 armis
1733 1645 1744 1678 ι
1775 1635 1843 1679 ut
1871 1634 2013 1702 pote

416 1750 440 1777 «
474 1725 586 1782 sibi
628 1728 845 1804 ignotis
887 1745 996 1780 nec
1036 1723 1111 1780 ad
1148 1744 1213 1779 ea
1254 1736 1393 1780 sunt
1426 1727 1566 1803 apti.
1610 1745 1732 1781 non
1766 1736 2016 1803 propter

418 1855 442 1881 <‹
477 1831 747 1908 corporis
772 1826 1252 1904 deformitatem(
1267 1846 1403 1882 cum
1428 1829 1544 1882 sint
1567 1826 1723 1883 bene
1748 1825 2017 1901 formati)

419 1954 444 1979 α
474 1927 577 1984 sed
619 1926 786 2005 quod
823 1939 975 2009 sunt*
994 1924 1187 1982 timidi
1218 1946 1284 1981 ac
1323 1925 1487 2005 pleni
1524 1924 1861 1983 formidine.
1893 1946 2017 2005 ges-

421 2057 445 2082 «
472 2043 601 2087 tant
630 2042 831 2086 tamen
861 2049 973 2107 pro
999 2031 1177 2084 armis
1211 2026 1536 2084 arundines
1561 2027 1685 2084 sole
1709 2039 1978 2106 perustas
2006 2049 2016 2081 :

420 2160 445 2186 ε(
474 2137 533 2189 in
566 2153 823 2212 quarum
855 2130 1155 2188 radicibus
1188 2117 1397 2187 hastile
1424 2128 1728 2207 quoddam
1755 2129 2018 2208 ligneum

421 2260 446 2285 a
479 2237 702 2290 siccum
721 2246 778 2289 et
794 2236 855 2288 in
874 2253 1165 2288 mucrone
1182 2243 1555 2288 attenuatum
1572 2229 1797 2308 figunt:
1824 2249 2040 2307 neque·

422 2361 446 2387 «
478 2335 570 2391 his
609 2332 833 2391 audent
867 2334 1087 2412 jugiter
1126 2336 1213 2388 uti
1249 2355 1259 2386 :
1296 2352 1434 2388 nam
1471 2351 1610 2411 sepe
1648 2334 1849 2388 euenit
1883 2350 2022 2386 cum

421 2461 444 2488 α
478 2437 743 2491 miserim
777 2433 928 2490 duos
960 2433 1052 2490 vel
1085 2436 1189 2489 tris
1217 2433 1495 2490 homines
1530 2454 1600 2489 ex
1629 2437 1778 2490 meis
1812 2431 1887 2489 ad
1918 2432 2020 2488 ali-

423 2561 448 2588 «
481 2557 628 2614 quas
651 2536 816 2593 villas
839 2559 850 2592 :
875 2547 944 2592 ut
969 2556 1105 2591 cum
1130 2556 1334 2592 earum
1360 2536 1756 2614 loquerentur
1780 2535 2020 2592 incolis:

424 2663 449 2690 «
483 2639 691 2715 exijsse
739 2655 951 2718 agmen·
1000 2637 1396 2716 glomeratum
1448 2657 1518 2693 ex
1561 2635 1770 2692 Indis:
1816 2649 1873 2693 et
1916 2636 2023 2707 ubi

425 2765 449 2790 α
483 2752 720 2796 nostros
752 2742 1243 2820 appropinquare
1275 2737 1601 2795 uidebant:
1637 2736 1838 2816 fugam
1872 2737 2022 2793 cele-

425 2866 450 2891 «
485 2843 627 2896 riter
668 2844 988 2920 arripuisse
1023 2864 1034 2896 :
1077 2839 1367 2920 despretis
1400 2861 1431 2896 a
1465 2851 1631 2919 patre
1669 2838 1873 2895 liberis
1906 2851 1963 2894 et
1992 2859 2024 2893 e

424 2966 450 2992 ‹<
484 2953 707 2997 contra.
745 2955 803 2998 et
832 2942 949 2999 hoc
984 2963 1106 2998 non
1142 2939 1308 3019 quod
1339 2943 1597 3019 cuipiam
1625 2960 1835 2996 eorum
1861 2938 2023 2995 dam-

426 3067 452 3095 «
484 3063 630 3099 num
664 3042 909 3120 aliquod
942 3042 1030 3099 vel
1066 3045 1276 3098 iniuria
1302 3041 1458 3099 illata
1487 3039 1667 3098 fuerit
1695 3063 1707 3095 :-
1737 3044 1921 3096 immo
1950 3038 2023 3095 ad
