2150 3692
715 323 1053 360 APPENDICE.
1559 327 1586 359 2
1598 327 1626 360 2
1646 327 1663 362 Ι

74 450 99 478 «
130 426 460 484 Nativitatis
491 425 736 481 D0mini
770 443 990 480 nomen
1023 420 1323 479 dedimus:
1349 429 1670 503 possessio-

71 552 98 580 «
129 548 266 584 nem
312 526 692 606 peculiariter
717 529 938 606 accepi.
990 525 1198 604 ibique
1239 546 1435 583 arcem
1482 550 1671 606 quan-

70 625 261 682 «dam
311 629 537 705 erigere
578 626 881 706 extemplo
924 627 1108 704 jussi:
1152 646 1270 705 que
1326 627 1507 684 modo
1557 634 1670 685 iam

71 751 96 778 «
122 714 310 782 'debet
342 745 466 782 esse
492 739 732 805 peracta
760 749 770 781 :
803 729 863 782 in
895 747 1012 804 qua
1045 726 1322 783 homines
1342 731 1446 805 qui
1472 748 1669 786 neces-

69 851 96 880 «
127 828 262 905 sarij
314 841 453 885 sunt
496 831 642 886 visi:
679 848 817 885 cum
860 832 1024 885 omni
1065 849 1373 885 armorum
1417 850 1670 908 genere:

70 955 97 982 «
129 942 186 986 et
252 930 408 986 ultra
472 950 699 986 annum
754 932 979 986 victum
1033 942 1384 1009 opportuno
1439 930 1671 1008 reliqui.

70 1057 96 1084 «
125 1036 274 1088 Item
305 1029 607 1110 quandam
633 1031 1000 1087 caravellam.
1029 1043 1086 1086 et
1111 1051 1223 1110 pro
1242 1032 1313 1087 ali
1318 1032 1370 1108 js
1396 1043 1665 1087 constru-

69 1159 97 1188 «
128 1133 296 1192 endis
327 1146 448 1190 tam
472 1137 533 1189 in
563 1133 674 1189 hac
703 1146 828 1190 arte
859 1155 1039 1212 quam
1070 1137 1130 1190 in
1165 1138 1374 1191 ceteris
1407 1137 1631 1213 peritos
1659 1155 1669 1187 :

69 1259 96 1288 «
136 1256 204 1292 ac
236 1233 501 1292 eiusdem
524 1234 715 1291 insule
734 1238 885 1313 regis
910 1255 1048 1313 erga
1074 1256 1182 1292 nos
1206 1235 1673 1293 benivolentiam

69 1362 94 1393 «
123 1350 189 1414 et.
203 1335 657 1393 familiaritatem
688 1334 1101 1392 incredibilem
1117 1338 1171 1413 (2
1185 1336 1257 1413 5).
1273 1341 1423 1393 Sunt
1440 1339 1661 1393 etenim

67 1445 96 1493 ‘«
124 1452 327 1519 gentes
361 1438 457 1495 ille
489 1437 771 1495 amabiles
803 1437 1130 1495 admodum
1162 1451 1219 1495 et
1250 1439 1509 1517 benigne
1544 1462 1555 1494 ε
1591 1459 1662 1495 eo

70 1567 96 1595 «
129 1540 294 1620 quod
357 1562 457 1597 rex
521 1539 825 1620 predictus
869 1561 965 1597 me
1018 1540 1260 1597 fratrem
1317 1562 1491 1598 suum
1548 1540 1664 1596 dici

71 1667 97 1699 ε(
129 1639 511 1721 gloriabatur.
562 1645 634 1697 Et
678 1644 724 1697 si
767 1644 1034 1697 animum
1070 1654 1449 1698 revocarent.
1485 1655 1542 1698 et
1574 1642 1664 1698 his

70 1769 96 1802 (ε,
129 1746 233 1821 qui
266 1746 326 1799 in
360 1763 494 1799 arce
523 1756 873 1799 manserunt
905 1763 1124 1799 nocere
1152 1743 1337 1799 velint
1365 1766 1376 1798 ε
1411 1764 1486 1799 ne
1520 1764 1665 1822 que-

69 1872 96 1900 «
127 1859 275 1903 unt:
331 1849 472 1924 quia
522 1848 700 1901 armis
747 1858 986 1902 carent:
1037 1845 1183 1902 nudi
1230 1844 1555 1902 incedunt:
1609 1858 1667 1902 et

68 1972 96 2003 c<
128 1950 380 2003 nimium
424 1945 618 2003 timidi
644 1969 655 2001 :
698 1944 833 2003 ideo
872 1944 1091 2002 dictam
1124 1966 1322 2002 arcem
1354 1958 1623 2002 tenentes
1648 1990 1663 2016 ,

69 2073 95 2100 <c
125 2046 431 2105 dumtaxat
478 2061 767 2128 poterunt
804 2061 992 2105 totam
1037 2069 1165 2105 eam
1214 2048 1468 2104 insulam
1499 2047 1665 2104 nullo

67 2174 94 2204 κ
126 2148 239 2206 sibi
293 2152 643 2206 imminente
697 2148 1083 2227 discrimine(
1135 2148 1465 2206 dummodo
1510 2149 1667 2227 leges

68 2275 94 2303 «
126 2270 273 2328 quas
307 2249 583 2307 dedimus
612 2271 680 2308 ac
707 2255 973 2330 regimen
1005 2272 1127 2308 non
1163 2249 1450 2307 excedant
1482 2251 1502 2327 )
1534 2249 1668 2306 faci-

68 2377 94 2405 «
126 2352 179 2408 le
205 2351 489 2410 detinere.
523 2358 592 2410 In
622 2354 905 2412 omnibus
930 2355 1021 2411 his
1052 2354 1259 2410 insulis
1290 2366 1355 2409 ut
1384 2352 1664 2410 intellexi:

69 2480 95 2507 «
127 2457 383 2533 quisque
418 2459 523 2512 uni
561 2469 796 2513 tantum
842 2461 1081 2536 coniugi
1110 2459 1434 2535 aquiescit:
1467 2468 1667 2535 preter

68 2579 94 2607 «
123 2558 425 2634 principes
449 2568 552 2612 aut
577 2576 743 2635 reges
769 2580 780 2612 :
816 2557 1037 2635 quibus
1062 2560 1269 2635 viginti
1295 2556 1516 2613 habere
1541 2556 1665 2613 lici-

67 2680 94 2708 «
125 2668 272 2712 tum.
316 2654 536 2712 femine
576 2659 759 2736 magis
802 2678 983 2735 quam
1017 2660 1127 2712 viri
1157 2656 1428 2713 laborare
1459 2654 1664 2712 viden—

68 2782 94 2809 «
125 2769 224 2813 tur
252 2781 263 2813 :
299 2777 408 2813 nec
433 2757 588 2814 bene
617 2761 789 2837 potui
818 2757 1147 2837 intelligere
1176 2764 1251 2813 an
1277 2756 1537 2813 habeant
1561 2757 1664 2813 bo-

69 2885 94 2911 «
126 2880 201 2916 na
245 2865 506 2940 propria.
556 2859 676 2916 vidi
717 2864 937 2918 etenim
982 2859 1150 2940 quod
1197 2882 1354 2918 unus
1404 2860 1662 2916 habebat

69 2985 95 3012 «
122 2960 249 3037 alijs
296 2965 627 3042 impartiri:
676 2966 990 3043 presertim
1037 2961 1252 3043 dapeS‚
1297 2962 1574 3031 obsonia,
1606 2973 1664 3016 et.

70 3086 95 3111 «
123 3060 486 3138 hujusmodi.
521 3063 768 3122 Nullum
801 3062 964 3144 apud
992 3084 1093 3121 eos
1120 3075 1459 3119 monstrum
1495 3080 1661 3139 repe-
