2150 3692
402 276 430 308 2
448 275 468 310 1
480 260 518 323 4
1022 274 1362 310 APPENDICE.

399 402 425 429 ε(
458 374 860 455 surripiebant
902 373 1119 454 fugam.
1151 372 1582 453 Progrediebar
1613 372 1768 430 ultra
1788 396 1808 429 s
1843 377 1989 431 exis-

399 504 426 531 «
457 482 672 535 timans
689 477 949 556 aliquam
972 497 1068 533 me
1090 475 1307 532 urbem
1330 475 1990 556 villasvejnventurum.

399 605 425 632 (ι
458 583 733 658 Denique
781 578 988 635 videns
1038 577 1204 656 quod
1251 577 1427 656 longe
1481 576 1807 633 admodum
1853 597 1991 656 pro-

401 707 426 733 «
455 686 705 761 gressis:
743 680 891 737 nihil
939 683 1080 736 novi
1119 667 1497 759 emergebat:
1542 692 1600 736 et
1644 677 1995 757 hujusmodi

398 808 425 834 «
457 786 550 839 via
580 804 689 839 nos
711 780 786 838 ad
814 784 1283 861 septentrionem
1311 780 1653 838 deferebam
1674 779 1841 858 quod
1869 784 1995 870 ipse

400 909 426 935 «
458 882 663 962 fugere
688 882 1071 962 exoptabam:
1099 885 1272 938 terris
1303 884 1524 938 etenim
1548 880 1835 960 regnabat
1855 879 1997 937 bru-

401 1011 427 1037 «
457 1007 584 1042 ma:
618 984 693 1041 ad
724 998 1116 1065 austrumque
1157 997 1282 1042 erat
1312 988 1374 1040 in
1407 996 1548 1040 voto
1584 982 1951 1040 contendere
1984 1005 1994 1039 :

401 1112 427 1138 «
456 1107 566 1143 nec
618 1089 814 1143 minus
874 1091 1033 1144 venti
1101 1085 1506 1166 flagitantibus
1569 1078 1963 1143 succedebam
1983 1130 1998 1157 ‚

401 1192 743 1245 «constitui
785 1188 930 1245 alios
973 1211 1096 1246 non
1145 1192 1367 1268 operiri
1415 1198 1768 1245 successus:
1815 1199 1873 1243 et
1917 1190 2015 1245 sic,

402 1316 428 1342 (ι
460 1289 846 1347 retrocedens
875 1289 949 1347 ad
980 1303 1224 1371 portum
1256 1289 1560 1369 quendam
1594 1310 1775 1368 quem
1809 1292 2000 1368 signa-

404 1417 429 1442 «
457 1412 658 1447 veram
689 1412 821 1446 sum
855 1412 1126 1448 reversus
1160 1415 1170 1448 ε
1206 1390 1367 1448 unde
1403 1390 1554 1448 duos
1605 1390 1881 1446 homines
1931 1411 2004 1446 ex

405 1522 430 1548 «
459 1500 680 1553 nostris
714 1500 774 1552 in
809 1509 1027 1552 terram
1061 1499 1212 1552 misi.
1250 1498 1354 1573 qui
1388 1498 2005 1573 investigarent:esset

404 1623 429 1650 <c
460 1619 534 1655 ne
569 1619 670 1654 rex
704 1602 764 1654 in
796 1619 862 1654 ea
891 1601 1204 1677 provincia
1233 1596 1488 1653 urbesve
1527 1597 1742 1674 alique.
1773 1601 1864 1673 Hy
1896 1616 2005 1675 per

404 1725 430 1751 «
463 1713 583 1757 tres
607 1699 732 1757 dies
761 1700 1150 1785 ambularunt
1177 1724 1187 1756 :
1219 1703 1703 1776 inveneruntque
1731 1702 2008 1754 innume-

407 1825 433 1853 «
463 1821 561 1857 ros
595 1801 855 1881 populos
897 1814 955 1857 et
988 1801 1387 1858 habitationes
1420 1824 1431 1857 ι
1479 1822 1688 1880 parvas
1719 1812 1919 1856 tamen
1953 1812 2012 1856 et

408 1902 695 1981 «absque
740 1903 865 1960 ullo
911 1907 1232 1982 regimine:
1281 1915 1655 1983 quapropter
1685 1901 2011 1959 redierunt.

408 2030 432 2056 (t
466 2009 700 2062 Interea
715 2008 952 2084 egoiam
972 2006 1381 2063 intellexeram
1400 2027 1433 2062 a
1451 2003 1813 2083 quibusdam
1826 2002 2014 2060 Indis:

410 2131 437 2158 <c
469 2127 623 2185 quos
641 2106 866 2164 ibidem
889 2128 1296 2187 susceperam:
1323 2106 1490 2186 quod
1505 2105 1855 2183 hujusmodi
1879 2126 2021 2185 pro-

411 2233 436 2260 «
469 2212 692 2266 vincia:
719 2209 916 2273 insula
941 2208 1186 2287 quidem
1213 2222 1354 2266 erat.
1383 2222 1440 2265 et
1465 2212 1546 2264 sic
1570 2211 1807 2287 perrexi
1825 2211 2018 2264 orien-
2041 2285 2044 2289 ι

410 2337 436 2363 α
467 2324 590 2368 tem
610 2333 815 2369 versus
838 2335 848 2367 :
877 2312 1004 2389 ejus
1023 2332 1258 2390 semper
1283 2314 1578 2389 stringens
1601 2309 1802 2366 littora
1825 2329 2021 2387 usque

410 2410 542 2468 «ad
588 2411 840 2469 miliaria
890 2412 1207 2488 CCCXXij.
1256 2410 1363 2467 ubi
1410 2414 1595 2490 ipsius
1637 2409 1830 2467 insule
1880 2423 2021 2467 sunt

409 2539 434 2565 «
472 2526 763 2586 extrema,
787 2497 930 2570 hinc
965 2513 1138 2570 aliam
1164 2513 1419 2570 insulam
1443 2510 1518 2569 ad
1554 2515 1848 2568 orientem
1880 2532 2018 2591 pro-

413 2639 437 2665 «
472 2618 638 2693 spexi
671 2660 681 2670 .
731 2613 1050 2671 distantem
1101 2613 1176 2671 ab
1228 2614 1339 2670 hac
1392 2613 1616 2670 lohana
1668 2611 2018 2668 miliaribus.

411 2741 437 2767 «
473 2718 624 2794 Liiij.
653 2738 835 2796 quam
862 2720 1141 2797 protinus
1165 2720 1490 2797 Hispanam
1516 2715 1662 2771 dixi:
1681 2717 1742 2770 in
1768 2696 2021 2790 eamque

412 2841 439 2868 «
474 2822 742 2876 concessi
764 2841 774 2874 :
802 2831 861 2875 et
886 2817 1074 2874 direxi
1092 2821 1205 2874 iter
1227 2820 1397 2896 quasi
1419 2837 1526 2897 per
1549 2817 2020 2895 septentrionem

411 2943 438 2969 ι(
474 2918 985 2996 quemadmodum
998 2923 1057 2977 in
1083 2925 1111 2976 J
1115 2919 1310 2976 ohana
1326 2917 1402 2975 ad
1419 2920 1729 2974 orientem.
1753 2914 2019 2971 miliaria.

410 3044 437 3071 c<
470 3022 734 3098 DLXiiij.
770 3042 890 3099 que
917 3021 1074 3079 dicta
1096 3022 1325 3080 Johana
1348 3033 1406 3077 et
1434 3020 1545 3076 alie
1569 3016 1795 3075 ibidem
1825 3014 2017 3072 insule
