2150 3692
736 305 1071 343 APPENDICE.
1578 309 1607 341 2
1629 309 1688 366 17

108 425 581 484 «quoscumque
629 405 835 484 appuli
887 417 944 462 et
988 404 1208 482 quibus
1259 425 1395 462 cum
1439 407 1692 464 verbum

107 532 133 558 (ε
165 505 359 562 facere
383 509 570 585 potui.
596 504 886 584 quicquid
908 504 1205 561 habebam
1230 525 1361 560 sum
1385 506 1690 585 elargitus:

107 629 432 688 «pannum
472 608 843 688 aliaqueper
883 608 1071 665 multa
1107 631 1118 664 :
1160 607 1322 664 nulla
1355 610 1502 664 mihi
1544 608 1693 666 facta

107 735 134 764 <c
164 730 406 767 versura
434 734 444 767 ε
483 709 586 767 sed
618 723 756 767 sunt.
788 722 1000 767 natura
1032 708 1235 790 pauidi
1262 729 1329 766 ac
1361 710 1569 765 timidi.
1606 731 1694 767 66-

109 837 135 864 «
165 824 363 869 terum
409 812 516 869 ubi
561 833 621 869 se
666 825 922 868 cernunt
965 824 1126 869 tutos
1162 835 1172 867 :
1207 815 1373 868 omni
1403 823 1569 866 metu
1606 833 1694 867 rc-

109 937 136 964 «
168 912 360 991 pulso.
396 925 534 969 sunt
566 911 893 969 admodum
927 912 1223 991 simplices
1249 932 1316 967 ac
1346 910 1507 968 bone
1540 909 1694 966 fidei.

109 1039 136 1066 α
168 1026 227 1069 et
269 1017 331 1070 in
376 1013 658 1070 omnibus
702 1034 820 1092 que
865 1011 1090 1069 habent
1129 1012 1523 1070 liberalissimi
1556 1035 1566 1067 ε
1603 1034 1696 1067 ro-

111 1140 137 1167 «
169 1118 330 1193 ganti
354 1114 521 1193 quod
550 1113 813 1194 possidet
834 1113 1134 1170 inficiatur
1162 1135 1342 1171 nemo
1370 1137 1381 1169 :
1409 1117 1556 1192 quin
1589 1117 1700 1193 ipsi

111 1240 137 1267 c<
169 1237 280 1272 nos
311 1214 386 1271 ad
414 1214 476 1271 id
503 1213 876 1295 poscendum
905 1218 1179 1271 inuitant.
1213 1217 1540 1271 Maximum
1565 1235 1703 1293 erga

110 1339 138 1367 α
169 1335 377 1371 01111165
439 1334 703 1371 amorem
765 1313 1141 1393 preseferunt
1193 1337 1205 1369 :
1267 1312 1410 1370 dant
1463 1334 1704 1392 queque

63 1461 69 1465 .
112 1441 137 1468 c<
169 1437 382 1495 magna
415 1437 526 1495 pro
560 1418 779 1495 paruis.
810 1418 1056 1471 minima
1085 1427 1317 1471 tantum
1348 1435 1411 1470 re
1442 1415 1704 1471 nihilove

112 1544 139 1571 c<
168 1521 435 1575 contenti
456 1540 466 1572 :
487 1538 596 1596 ego
621 1529 881 1573 attamen
905 1515 1192 1596 prohibui
1216 1536 1291 1571 116
1315 1527 1435 1571 tam
1460 1519 1706 1571 minima

97 1645 139 1696 ,γα
171 1632 229 1675 et
262 1618 484 1675 nullius
518 1621 704 1697 precii
743 1618 906 1673 hisce
946 1616 1194 1674 darent:
1229 1630 1295 1673 ut
1335 1630 1474 1673 sunt
1504 1616 1703 1672 lancis,

114 1745 139 1773 ι(
171 1719 586 1800 parapsidum‚
632 1721 889 1796 vitrique
934 1717 1293 1797 fragmenta,
1340 1720 1483 1774 item
1528 1716 1709 1788 claui,

115 1848 139 1875 α
173 1822 354 1901 ligule
389 1841 735 1899 quanquam
776 1823 823 1876 si
864 1820 980 1876 hoc
1014 1832 1296 1899 poterant
1323 1818 1597 1898 adipisci,
1627 1821 1710 1874 vi-

114 1949 141 1976 «
175 1923 430 1980 debatur
466 1926 547 1979 eis
580 1922 943 2001 pulcerrima
975 1920 1188 1976 mundi
1221 1919 1525 2000 possidere
1555 1923 1708 1975 ioca-

115 2026 264 2082 «lia.
312 2023 544 2081 Accidit
586 2027 747 2080 enim
792 2021 1094 2101 quendam
1137 2025 1401 2078 nauitam
1434 2045 1445 2077 :
1478 2033 1711 2098 tantum

114 2150 140 2177 c<
167 2127 297 2181 auri
340 2123 582 2204 pondus
622 2122 901 2179 habuisse
928 2117 1054 2202 'pro
1087 2143 1207 2178 una
1246 2122 1426 2201 ligula
1454 2144 1464 2177 z
1505 2124 1713 2201 quanti

115 2251 141 2279 «
174 2238 314 2282 sunt
343 2237 464 2281 tres
497 2227 662 2281 aurei
692 2222 865 2280 solidi
891 2247 902 2278 z
934 2236 993 2280 et
1025 2226 1107 2280 sic
1139 2223 1283 2280 alios
1313 2244 1424 2303 pro
1457 2222 1585 2300 alijs
1608 2226 1715 2278 mi-

115 2351 140 2378 «
171 2330 334 2383 noris
354 2329 540 2406 precii
565 2348 575 2381 :
603 2328 917 2405 presertim
943 2346 1056 2404 pro
1073 2325 1353 2403 blanquis
1369 2324 1676 2402 nouis(22)
1702 2348 1713 2380 ε

117 2452 143 2478 «
172 2440 230 2484 et
275 2425 638 2504 quibusdam
682 2429 880 2482 numis
923 2429 1155 2483 aureis:
1196 2446 1307 2505 pro
1347 2424 1568 2503 quibus
1611 2425 1713 2481 ha-

117 2555 142 2582 «
175 2528 387 2586 bendis
405 2528 627 2585 dabant
646 2529 976 2607 quoequod
993 2529 1235 2610 petebat
1251 2527 1528 2585 venditor
1545 2540 1716 2608 :puta

118 2658 143 2685 c<
174 2635 417 2688 unciam
449 2650 587 2686 cum
618 2629 861 2686 dimidia
891 2642 949 2686 et
978 2629 1125 2686 duas
1156 2632 1285 2685 auri
1313 2651 1324 2683 ε
1358 2628 1451 2685 vel
1475 2631 1713 2708 triginta

119 2758 145 2785 <c
181 2744 239 2788 et
272 2729 666 2810 quadraginta
689 2729 958 2802 bombici
983 2727 1189 2808 pondo
1208 2753 1229 2785 «ε
1255 2748 1437 2807 quam
1461 2731 1575 2807 ipsi
1597 2731 1710 2784 iam

119 2858 145 2884 α
177 2844 500 2902 noverant3
524 2835 667 2888 item
693 2851 943 2888 arcuum
961 2876 975 2902 ‚
999 2830 1316 2910 amphore5
1341 2828 1581 2908 hydrie‚
1613 2826 1716 2883 do-

120 2959 146 2986 «
177 2934 363 3012 lijque
413 2934 742 3014 fragmenta
785 2957 795 2990 :
848 2933 1130 2990 bombice
1179 2946 1236 2989 et
1283 2953 1430 2989 auro
1479 2945 1719 3008 tamque

122 3062 146 3087 α
180 3035 370 3092 bestie
406 3037 837 3116 comparabant
863 3083 877 3109 ,
911 3036 1078 3115 quod
1111 3040 1248 3114 quia
1283 3038 1557 3113 iniquum
1588 3051 1725 3089 sane
