2150 3692
431 291 460 324 2
471 291 501 324 2
511 290 546 325 Ο
1054 292 1394 329 APPENDICE.

428 416 454 444 «
485 403 654 470 ptare
697 395 982 472 precipue
1023 414 1159 451 reor
1194 418 1205 450 :
1249 395 1472 452 scilicet
1517 414 1727 452 eorum
1772 394 1846 453 ad
1893 416 2021 455 san·-

429 518 454 545 «
487 506 643 550 ctam
701 497 803 574 xpi
861 493 1043 551 fidem
1100 500 1572 553 conversionem.
1592 564 1604 567 ⁴
1627 500 1724 553 cui
1779 497 2024 576 quidem

427 620 452 647 «
485 608 778 673 quantum
841 595 1168 675 intelligere
1230 602 1402 677 potui
1466 597 1706 678 faciliini
1768 612 1905 656 sunt
1967 613 2026 657 et

429 722 453 749 «
483 701 677 777 proni.
734 701 868 754 Dixi
924 697 1436 776 quemadmodum
1492 721 1624 757 sum
1676 721 2026 780 progressus

428 824 453 850 «
485 811 654 857 antea
694 798 948 855 insulam
987 799 1276 856 Johanam
1314 820 1422 879 per
1461 813 1691 857 rectum
1724 804 2024 886 tramitem

428 925 454 952 «
491 921 700 958 0635115
754 904 817 956 111
881 904 1174 958 orientem
1228 902 1495 959 miliaria.
1546 903 1862 979 CCCXXij.
1918 923 2026 982 per

427 1025 453 1052 «
484 1022 665 1078 quam
702 1003 857 1057 viam
896 1015 953 1058 et
986 1001 1364 1058 intervallum
1397 1002 1625 1059 itineris
1657 1022 1901 1082 possum
1940 1000 2026 1057 di-

428 1127 453 1152 «
483 1121 616 1157 cere
641 1101 795 1157 hanc
812 1107 840 1159 J
845 1102 1102 1159 ohanam
1129 1123 1253 1160 esse
1271 1105 1560 1158 maiorem
1579 1101 1789 1180 Anglia
1813 1114 1870 1157 et
1888 1104 2027 1157 Sco-

429 1228 455 1254 «
487 1206 565 1260 tia
595 1203 788 1259 51111111.
835 1224 1096 1281 namque
1124 1202 1281 1261 ultra
1314 1203 1469 1261 dicta
1494 1204 1790 1281 CCCXXij
1828 1223 2029 1283 passu.-

431 1331 456 1358 «
487 1327 591 1361 um
621 1306 780 1362 milia
812 1329 822 1361 :
855 1309 912 1362 in
951 1326 1016 1362 ea
1046 1318 1214 1385 parte
1248 1327 1366 1384 que
1396 1306 1469 1362 ad
1495 1305 1868 1363 occidentem
1899 1327 2029 1387 per-

432 1433 456 1459 «
489 1419 716 1488 spectat
741 1431 752 1463 :
788 1406 904 1464 due
932 1431 942 1462 :
979 1428 1126 1486 quas
1156 1429 1280 1464 non
1315 1408 1456 1487 petij
1483 1432 1494 1464 ε
1522 1429 1701 1488 super
1725 1421 1864 1464 sunt
1893 1429 2030 1487 pro-

429 1534 455 1560 «
487 1511 711 1565 vincie:
745 1529 927 1587 quam
952 1507 1194 1564 alteram
1222 1505 1354 1563 Indi
1384 1510 1553 1564 Anan
1580 1519 1828 1564 vocant:
1861 1510 2029 1565 cuius

429 1634 456 1661 e<
487 1609 688 1666 accole
737 1609 971 1666 caudati
1014 1620 1343 1666 nascuntur
1382 1608 1524 1686 (24).
1569 1607 1924 1666 Tenduntur
1968 1612 2029 1665 in

429 1711 924 1791 «longitudinem
972 1711 1047 1768 ad
1089 1711 1340 1768 miliaria
1391 1714 1653 1767 CLXXX
1703 1723 1771 1768 ut
1815 1711 1890 1768 ab
1936 1711 2029 1768 his

428 1839 454 1865 «
487 1835 639 1893 quos
678 1815 830 1872 veho
864 1835 1103 1871 mecum
1151 1813 1312 1871 Indis
1345 1817 1629 1894 percepi:
1670 1817 1775 1893 qui
1822 1834 2031 1871 omnes

429 1939 453 1965 α
485 1914 590 1971 1135
621 1915 837 1972 callent
869 1915 1107 1972 insulas.
1142 1918 1401 1994 Hispane
1434 1936 1583 1972 uero
1617 1915 1876 1972 ambitus
1908 1935 2031 1971 ma-
2105 1958 2111 1961 -

428 2041 453 2068 «
478 2016 574 2092 jor
617 2029 703 2074 est
744 2029 868 2074 tota
901 2021 1181 2097 Hispania
1209 2039 1241 2074 3
1279 2018 1545 2097 Cologna
1573 2038 1765 2095 usque
1793 2016 1867 2074 ad
1900 2016 2030 2073 fon-

427 2143 452 2169 «
485 2130 606 2173 tem
656 2116 951 2174 rabidum.
1003 2121 1279 2197 Hincque
1329 2117 1498 2175 facile
1551 2120 1822 2196 arguitur
1866 2115 2033 2194 quod

427 2245 452 2271 «
487 2232 770 2296 quartum
802 2223 927 2276 eius
960 2219 1112 2276 latus
1143 2219 1312 2298 quod
1340 2223 1466 2300 ipse
1499 2240 1607 2299 per
1634 2231 1855 2275 rectam
1884 2217 2032 2275 line-

430 2347 455 2373 «
486 2342 581 2377 am
608 2321 934 2378 occidentis
962 2325 1023 2378 in
1049 2326 1342 2379 orientem
1374 2325 1607 2393 traieci,
1624 2321 1875 2378 miliaria
1894 2303 2037 2377 COD..

429 2447 455 2473 «
488 2425 653 2478 tinet.
689 2425 863 2479 DXL.
898 2427 1019 2479 Hec
1049 2424 1242 2480 insula
1277 2436 1364 2481 est
1399 2421 1733 2480 affectanda
1762 2436 1820 2479 et
1853 2421 2031 2479 affec-

429 2548 455 2574 «
487 2535 605 2580 tata
645 2544 769 2580 non
801 2522 1136 2603 spernenda
1168 2527 1230 2580 in
1265 2546 1383 2603 qua
1413 2528 1520 2581 etsi
1559 2525 1808 2581 aliarum
1838 2527 2031 2581 omni-

430 2649 455 2675 «
487 2645 590 2680 um
624 2636 691 2680 ut
724 2622 843 2680 dixi
868 2645 980 2705 pro
1010 2627 1405 2682 inuictissimo
1437 2646 1574 2703 rege
1600 2637 1806 2681 nostro
1837 2623 2031 2680 501611-

431 2750 456 2777 «
489 2728 645 2782 niter
678 2730 1115 2806 possessionem
1150 2730 1352 2808 accepi
1380 2722 1757 2802 :earumque
1789 2711 2031 2804 impe-ri-

431 2855 456 2881 «
492 2851 596 2885 um
625 2830 785 2887 dicto
819 2834 942 2909 regi
967 2833 1206 2910 penitus
1240 2833 1636 2888 committitur
1661 2852 1672 2885 ε
1699 2832 1760 2885 111
1788 2842 2033 2909 oportu-

431 2957 457 2983 «
490 2934 645 2988 niori
679 2945 875 2989 tamen
912 2932 1074 2990 loco.
1100 2946 1280 3011 atque
1321 2936 1485 2989 omni
1510 2931 1679 2987 lucro
1714 2943 1772 2986 et
1804 2950 2033 2987 comer-

433 3057 460 3084 «
492 3035 574 3089 tio
630 3032 987 3091 condecenti
1022 3080 1032 3090 .
1081 3033 1390 3092 cuiusdam
1442 3053 1655 3113 magne
1706 3032 1841 3115 yille
1873 3055 1884 3088 ε
1937 3035 2034 3087 6111
