2150 3692
422 330 532 363 222
1044 331 1384 366 APPENDICE.

421 459 445 485 ε(
477 436 565 488 ri:
599 445 667 488 ut
705 431 978 512 plerique
1029 432 1443 490 existimabant
1467 479 1481 503 ,
1524 434 1649 513 (26)
1684 434 1786 492 sed
1818 436 2012 493 homi-

421 560 445 586 «
478 555 582 591 nes
607 555 818 614 magne
844 537 1174 590 reverentie
1199 546 1379 613 atque
1403 534 1713 615 benignos.
1733 541 1856 596 Nec
1875 551 2014 596 sunt

420 662 446 690 α
475 640 629 716 nigri
670 637 832 694 velut
871 636 1177 715 ethiopeS.
1217 636 1443 694 habent
1467 642 1679 695 *crines
1709 638 1919 719 planos
1947 661 2015 697 ac

420 766 445 792 (ι
478 739 801 796 demissos:
860 759 981 794 non
1039 736 1264 817 degunt
1310 738 1418 795 ubi
1460 739 1765 797 radiorum
1810 742 2016 799 solaris

420 868 446 895 ι(
478 846 694 899 emicat
738 840 916 897 calor.
952 861 1059 920 per
1099 862 1313 920 magna
1348 862 1609 921 namque
1634 843 1731 899 hic
1761 857 1848 900 est
1876 845 2016 902 selis

420 971 445 997 α
472 942 875 1022 vehementia}
902 955 1221 1022 propterea
1240 942 1407 1021 quod
1430 943 1504 999 ab
1539 945 1923 1024 equinoctiali
1949 945 2017 1001 li-

420 1074 444 1098 «
473 1067 582 1103 nea
616 1044 793 1101 distat
815 1090 826 1099 .
857 1047 947 1100 uti
978 1043 1245 1115 videtur,
1280 1042 1498 1123 gradus
1525 1065 1624 1101 sex
1651 1091 1665 1116 ,
1696 1058 1755 1101 et
1788 1048 2014 1124 viginti.

420 1178 445 1203 «
478 1156 550 1207 Et
591 1152 892 1206 montium
941 1149 1353 1205 cacuminibus
1393 1154 1720 1206 maximum
1771 1171 2018 1230 quoque

420 1278 445 1304 α
477 1255 634 1330 viget
682 1250 883 1329 frigus.
934 1247 1036 1305 sed
1092 1248 1152 1304 id
1196 1248 1440 1327 quidem
1482 1250 1799 1308 moderant
1845 1252 1977 1309 Indi
2004 1253 2020 1309 :'

420 1380 444 1406 ι(
476 1366 606 1410 tum
650 1354 768 1410 loci
812 1349 1288 1409 consuetudine:
1334 1365 1464 1409 tum
1499 1374 1700 1410 rerum
1742 1355 2018 1413 calidissi-

416 1481 440 1507 α
472 1475 708 1511 marum
735 1453 958 1532 quibus
989 1451 1339 1530 frequenter
1366 1465 1424 1509 et
1444 1452 1749 1510 luxuriose
1772 1475 2017 1512 vescun-

417 1568 574 1613 «tur
617 1554 741 1634 (27)
779 1553 1059 1634 presidio.
1102 1558 1309 1631 Itaque
1357 1567 1623 1611 monstra
1664 1555 1864 1633 aliqua
1894 1578 2017 1614 non

416 1685 442 1711 «
471 1657 592 1715 vidi
620 1681 631 1713 t
666 1678 864 1736 neque
894 1678 1105 1713 eorum
1129 1656 1349 1713 alicubi
1376 1656 1562 1714 habui
1592 1661 2015 1737 cognitionem.

416 1789 442 1815 «
476 1775 723 1842 excepta
748 1759 1007 1840 quadam
1022 1761 1222 1818 insula
1246 1761 1452 1818 Charis
1488 1774 1865 1841 nuncupata:
1901 1783 2020 1840 que

417 1892 441 1917 «
474 1863 736 1921 secunda
761 1885 832 1920 ex
864 1867 1125 1944 Hispana
1154 1867 1213 1920 in
1238 1862 1470 1920 Indiam
1495 1863 2020 1922 transfretantibus

417 1969 697 2022 «existit.
746 1986 926 2043 quam
966 1986 1108 2043 gens
1154 1964 1412 2043 quedam
1442 1986 1475 2021 a
1518 1964 1786 2022 finitimis
1817 1965 2019 2022 habita

417 2092 442 2118 (ε
477 2065 736 2123 ferocior
752 2065 977 2122 incolit.
1003 2066 1534 2122 hicarnehumana
1548 2065 2016 2145 vescuntur(28).

418 2194 442 2219 <c
471 2167 709 2225 Habent
762 2165 1018 2246 predicti
1072 2167 1398 2223 biremium
1450 2187 1667 2244 genera
1717 2165 1976 2245 plurima
2005 2189 2016 2222 :

417 2298 441 2323 α
472 2270 697 2348 quibus
732 2273 792 2325 in
824 2290 1033 2325 omnes
1062 2268 1295 2325 Indicas
1325 2268 1545 2325 insulas
1579 2269 1885 2345 traijciunt
1918 2268 2039 2326 de·-

418 2399 443 2424 «
475 2371 730 2451 predant
764 2417 778 2443 ⁷
835 2373 1290 2450 surripiuntque
1324 2391 1708 2449 quecumque
1748 2384 2017 2451 possunt.

419 2499 443 2524 α
478 2473 640 2530 'Nihil
674 2473 748 2530 ab
787 2473 914 2530 aliis
948 2459 1237 2530 differunt
1268 2476 1380 2529 nisi
1410 2472 1575 2551 quod
1606 2484 1822 2552 gerunt
1849 2493 2018 2528 more

420 2601 445 2626 <c
478 2574 737 2632 femineo
793 2576 1004 2654 longos
1054 2578 1246 2631 crines
1273 2597 1286 2646 3
1322 2587 1578 2631 utuntur
1632 2573 1891 2630 arcubus
1917 2619 1931 2644 ‚
1963 2585 2022 2629 et

419 2702 445 2727 <r
474 2678 716 2757 spiculis
750 2677 1098 2735 arundineis
1125 2700 1136 2733 :
1171 2676 1302 2733 fixis
1327 2677 1425 2754 (ut
1459 2675 1747 2752 diximus)
1771 2679 1832 2730 in
1860 2695 2023 2753 gros-

422 2803 446 2827 «
478 2780 619 2834 siori
664 2792 832 2858 parte
874 2781 1192 2835 attenuatis
1240 2777 1553 2834 hastilibus
1582 2823 1592 2833 .
1623 2775 1884 2853 ideoque
1916 2775 2019 2831 ha-

422 2905 446 2931 «
478 2879 700 2936 bentur
744 2880 972 2938 feroces
1011 2902 1191 2959 quam
1234 2884 1454 2937 ceteri:
1502 2877 1634 2936 Indi
1666 2878 2020 2935 inexhausto

422 3008 447 3033 ς(
479 2995 644 3039 metu
669 2982 1018 3062 plectuntur
1047 3006 1057 3038 :
1090 2981 1193 3040 sed
1225 2983 1335 3039 hos
1370 3003 1478 3062 ego
1508 2981 1677 3038 nihili
1708 2980 1861 3037 facio
1885 2980 2020 3060 plus

422 3110 447 3135 ς(
480 3105 659 3161 quam
711 3084 873 3139 alios.
915 3087 982 3139 Πί
1036 3097 1174 3140 sunt
1207 3087 1310 3162 qui
1345 3095 1564 3140 coeunt
1601 3103 1738 3140 cum
1772 3081 2018 3160 quibus-
